[{"id":0,"price":"0.25880000","qty":"39.00000000","quoteQty":"10.09320000","time":1610100000000,"isBuyerMaker":false,"isBestMatch":true},{"id":1,"price":"0.28200000","qty":"35.46000000","quoteQty":"9.99972000","time":1610100330925,"isBuyerMaker":false,"isBestMatch":true},{"id":2,"price":"0.28060000","qty":"71.27000000","quoteQty":"19.99836200","time":1610100386364,"isBuyerMaker":false,"isBestMatch":true},{"id":3,"price":"0.28060000","qty":"150.00000000","quoteQty":"42.09000000","time":1610100393082,"isBuyerMaker":false,"isBestMatch":true},{"id":4,"price":"0.28120000","qty":"1167.15000000","quoteQty":"328.20258000","time":1610100498671,"isBuyerMaker":false,"isBestMatch":true},{"id":5,"price":"0.28260000","qty":"106.15000000","quoteQty":"29.99799000","time":1610100549128,"isBuyerMaker":false,"isBestMatch":true},{"id":6,"price":"0.28260000","qty":"35.77000000","quoteQty":"10.10860200","time":1610100574958,"isBuyerMaker":false,"isBestMatch":true},{"id":7,"price":"0.28020000","qty":"38.53000000","quoteQty":"10.79610600","time":1610100693320,"isBuyerMaker":false,"isBestMatch":true},{"id":8,"price":"0.28170000","qty":"643.98000000","quoteQty":"181.40916600","time":1610100807357,"isBuyerMaker":false,"isBestMatch":true},{"id":9,"price":"0.28280000","qty":"1200.00000000","quoteQty":"339.36000000","time":1610100884024,"isBuyerMaker":false,"isBestMatch":true},{"id":10,"price":"0.28300000","qty":"514.90000000","quoteQty":"145.71670000","time":1610100887811,"isBuyerMaker":false,"isBestMatch":true},{"id":11,"price":"0.28460000","qty":"35.77000000","quoteQty":"10.18014200","time":1610100928753,"isBuyerMaker":false,"isBestMatch":true},{"id":12,"price":"0.28480000","qty":"412.20000000","quoteQty":"117.39456000","time":1610100928909,"isBuyerMaker":false,"isBestMatch":true},{"id":13,"price":"0.28480000","qty":"1835.10000000","quoteQty":"522.63648000","time":1610100929008,"isBuyerMaker":false,"isBestMatch":true},{"id":14,"price":"0.28480000","qty":"681.80000000","quoteQty":"194.17664000","time":1610100929220,"isBuyerMaker":false,"isBestMatch":true},{"id":15,"price":"0.29970000","qty":"265.01000000","quoteQty":"79.42349700","time":1610100932632,"isBuyerMaker":false,"isBestMatch":true},{"id":16,"price":"0.28500000","qty":"51.49000000","quoteQty":"14.67465000","time":1610100942062,"isBuyerMaker":false,"isBestMatch":true},{"id":17,"price":"0.28500000","qty":"438.08000000","quoteQty":"124.85280000","time":1610100950334,"isBuyerMaker":false,"isBestMatch":true},{"id":18,"price":"0.28500000","qty":"1316.31000000","quoteQty":"375.14835000","time":1610100950413,"isBuyerMaker":true,"isBestMatch":true},{"id":19,"price":"0.28490000","qty":"86.21000000","quoteQty":"24.56122900","time":1610100954239,"isBuyerMaker":false,"isBestMatch":true},{"id":20,"price":"0.28300000","qty":"176.70000000","quoteQty":"50.00610000","time":1610101015033,"isBuyerMaker":true,"isBestMatch":true},{"id":21,"price":"0.28340000","qty":"537.35000000","quoteQty":"152.28499000","time":1610101020006,"isBuyerMaker":false,"isBestMatch":true},{"id":22,"price":"0.28350000","qty":"35.63000000","quoteQty":"10.10110500","time":1610101047244,"isBuyerMaker":false,"isBestMatch":true},{"id":23,"price":"0.28350000","qty":"36.00000000","quoteQty":"10.20600000","time":1610101138028,"isBuyerMaker":true,"isBestMatch":true},{"id":24,"price":"0.28360000","qty":"286.80000000","quoteQty":"81.33648000","time":1610101207189,"isBuyerMaker":false,"isBestMatch":true},{"id":25,"price":"0.28360000","qty":"100.10000000","quoteQty":"28.38836000","time":1610101207314,"isBuyerMaker":false,"isBestMatch":true},{"id":26,"price":"0.28360000","qty":"1241.28000000","quoteQty":"352.02700800","time":1610101207443,"isBuyerMaker":false,"isBestMatch":true},{"id":27,"price":"0.28370000","qty":"328.60000000","quoteQty":"93.22382000","time":1610101209095,"isBuyerMaker":false,"isBestMatch":true},{"id":28,"price":"0.28370000","qty":"328.60000000","quoteQty":"93.22382000","time":1610101209198,"isBuyerMaker":false,"isBestMatch":true},{"id":29,"price":"0.28370000","qty":"342.80000000","quoteQty":"97.25236000","time":1610101209502,"isBuyerMaker":false,"isBestMatch":true},{"id":30,"price":"0.28390000","qty":"1000.00000000","quoteQty":"283.90000000","time":1610101209602,"isBuyerMaker":false,"isBestMatch":true},{"id":31,"price":"0.28400000","qty":"100.00000000","quoteQty":"28.40000000","time":1610101210022,"isBuyerMaker":false,"isBestMatch":true},{"id":32,"price":"0.28400000","qty":"1100.00000000","quoteQty":"312.40000000","time":1610101210116,"isBuyerMaker":false,"isBestMatch":true},{"id":33,"price":"0.28400000","qty":"70.80000000","quoteQty":"20.10720000","time":1610101211983,"isBuyerMaker":false,"isBestMatch":true},{"id":34,"price":"0.28400000","qty":"529.20000000","quoteQty":"150.29280000","time":1610101219723,"isBuyerMaker":false,"isBestMatch":true},{"id":35,"price":"0.28400000","qty":"0.03000000","quoteQty":"0.00852000","time":1610101222976,"isBuyerMaker":false,"isBestMatch":true},{"id":36,"price":"0.28400000","qty":"247.30000000","quoteQty":"70.23320000","time":1610101228013,"isBuyerMaker":true,"isBestMatch":true},{"id":37,"price":"0.28400000","qty":"0.08000000","quoteQty":"0.02272000","time":1610101338201,"isBuyerMaker":true,"isBestMatch":true},{"id":38,"price":"0.28300000","qty":"0.01000000","quoteQty":"0.00283000","time":1610101338201,"isBuyerMaker":true,"isBestMatch":true},{"id":39,"price":"0.28010000","qty":"525.46000000","quoteQty":"147.18134600","time":1610101338201,"isBuyerMaker":true,"isBestMatch":true},{"id":40,"price":"0.28000000","qty":"84.45000000","quoteQty":"23.64600000","time":1610101338201,"isBuyerMaker":true,"isBestMatch":true},{"id":41,"price":"0.28000000","qty":"272.60000000","quoteQty":"76.32800000","time":1610101338582,"isBuyerMaker":true,"isBestMatch":true},{"id":42,"price":"0.28000000","qty":"0.09000000","quoteQty":"0.02520000","time":1610101370271,"isBuyerMaker":true,"isBestMatch":true},{"id":43,"price":"0.27890000","qty":"2476.61000000","quoteQty":"690.72652900","time":1610101370271,"isBuyerMaker":true,"isBestMatch":true},{"id":44,"price":"0.27890000","qty":"52.50000000","quoteQty":"14.64225000","time":1610101370273,"isBuyerMaker":true,"isBestMatch":true},{"id":45,"price":"0.27890000","qty":"0.06000000","quoteQty":"0.01673400","time":1610101370295,"isBuyerMaker":true,"isBestMatch":true},{"id":46,"price":"0.27820000","qty":"705.30000000","quoteQty":"196.21446000","time":1610101370340,"isBuyerMaker":true,"isBestMatch":true},{"id":47,"price":"0.27930000","qty":"123.04000000","quoteQty":"34.36507200","time":1610101390672,"isBuyerMaker":true,"isBestMatch":true},{"id":48,"price":"0.27930000","qty":"448.70000000","quoteQty":"125.32191000","time":1610101391004,"isBuyerMaker":true,"isBestMatch":true},{"id":49,"price":"0.27900000","qty":"481.80000000","quoteQty":"134.42220000","time":1610101401660,"isBuyerMaker":true,"isBestMatch":true},{"id":50,"price":"0.27890000","qty":"524.52000000","quoteQty":"146.28862800","time":1610101414671,"isBuyerMaker":false,"isBestMatch":true},{"id":51,"price":"0.27980000","qty":"42.66000000","quoteQty":"11.93626800","time":1610101438624,"isBuyerMaker":false,"isBestMatch":true},{"id":52,"price":"0.27780000","qty":"96.70000000","quoteQty":"26.86326000","time":1610101540751,"isBuyerMaker":false,"isBestMatch":true},{"id":53,"price":"0.27780000","qty":"462.70000000","quoteQty":"128.53806000","time":1610101541537,"isBuyerMaker":false,"isBestMatch":true},{"id":54,"price":"0.27880000","qty":"368.12000000","quoteQty":"102.63185600","time":1610101556761,"isBuyerMaker":false,"isBestMatch":true},{"id":55,"price":"0.27880000","qty":"91.49000000","quoteQty":"25.50741200","time":1610101564843,"isBuyerMaker":false,"isBestMatch":true},{"id":56,"price":"0.27880000","qty":"83.20000000","quoteQty":"23.19616000","time":1610101609600,"isBuyerMaker":true,"isBestMatch":true},{"id":57,"price":"0.28000000","qty":"358.68000000","quoteQty":"100.43040000","time":1610101694912,"isBuyerMaker":false,"isBestMatch":true},{"id":58,"price":"0.27930000","qty":"36.01000000","quoteQty":"10.05759300","time":1610101735850,"isBuyerMaker":false,"isBestMatch":true},{"id":59,"price":"0.27930000","qty":"1820.26000000","quoteQty":"508.39861800","time":1610101758885,"isBuyerMaker":false,"isBestMatch":true},{"id":60,"price":"0.27930000","qty":"960.43000000","quoteQty":"268.24809900","time":1610101758897,"isBuyerMaker":true,"isBestMatch":true},{"id":61,"price":"0.27930000","qty":"101.49000000","quoteQty":"28.34615700","time":1610101759030,"isBuyerMaker":true,"isBestMatch":true},{"id":62,"price":"0.27890000","qty":"150.00000000","quoteQty":"41.83500000","time":1610101965131,"isBuyerMaker":false,"isBestMatch":true},{"id":63,"price":"0.27930000","qty":"86.12000000","quoteQty":"24.05331600","time":1610102109340,"isBuyerMaker":false,"isBestMatch":true},{"id":64,"price":"0.27930000","qty":"247.41000000","quoteQty":"69.10161300","time":1610102109340,"isBuyerMaker":false,"isBestMatch":true},{"id":65,"price":"0.28000000","qty":"714.20000000","quoteQty":"199.97600000","time":1610102523190,"isBuyerMaker":true,"isBestMatch":true},{"id":66,"price":"0.28000000","qty":"0.08000000","quoteQty":"0.02240000","time":1610102740139,"isBuyerMaker":true,"isBestMatch":true},{"id":67,"price":"0.28000000","qty":"1495.92000000","quoteQty":"418.85760000","time":1610102740139,"isBuyerMaker":true,"isBestMatch":true},{"id":68,"price":"0.28050000","qty":"503.50000000","quoteQty":"141.23175000","time":1610102817541,"isBuyerMaker":true,"isBestMatch":true},{"id":69,"price":"0.28000000","qty":"110.71000000","quoteQty":"30.99880000","time":1610102890037,"isBuyerMaker":true,"isBestMatch":true},{"id":70,"price":"0.28000000","qty":"1200.00000000","quoteQty":"336.00000000","time":1610102907477,"isBuyerMaker":false,"isBestMatch":true},{"id":71,"price":"0.28000000","qty":"295.90000000","quoteQty":"82.85200000","time":1610102907783,"isBuyerMaker":false,"isBestMatch":true},{"id":72,"price":"0.28000000","qty":"0.02000000","quoteQty":"0.00560000","time":1610102947744,"isBuyerMaker":false,"isBestMatch":true},{"id":73,"price":"0.28000000","qty":"357.12000000","quoteQty":"99.99360000","time":1610103062734,"isBuyerMaker":true,"isBestMatch":true},{"id":74,"price":"0.28000000","qty":"892.86000000","quoteQty":"250.00080000","time":1610103062734,"isBuyerMaker":true,"isBestMatch":true},{"id":75,"price":"0.27920000","qty":"110.50000000","quoteQty":"30.85160000","time":1610103062933,"isBuyerMaker":true,"isBestMatch":true},{"id":76,"price":"0.28000000","qty":"37.50000000","quoteQty":"10.50000000","time":1610103133528,"isBuyerMaker":true,"isBestMatch":true},{"id":77,"price":"0.27920000","qty":"594.87000000","quoteQty":"166.08770400","time":1610103161597,"isBuyerMaker":false,"isBestMatch":true},{"id":78,"price":"0.27950000","qty":"594.10000000","quoteQty":"166.05095000","time":1610103166637,"isBuyerMaker":false,"isBestMatch":true},{"id":79,"price":"0.27930000","qty":"480.10000000","quoteQty":"134.09193000","time":1610103223871,"isBuyerMaker":false,"isBestMatch":true},{"id":80,"price":"0.27930000","qty":"102.50000000","quoteQty":"28.62825000","time":1610103297213,"isBuyerMaker":true,"isBestMatch":true},{"id":81,"price":"0.27970000","qty":"47.15000000","quoteQty":"13.18785500","time":1610103406238,"isBuyerMaker":true,"isBestMatch":true},{"id":82,"price":"0.28030000","qty":"627.60000000","quoteQty":"175.91628000","time":1610103595159,"isBuyerMaker":true,"isBestMatch":true},{"id":83,"price":"0.28000000","qty":"1000.00000000","quoteQty":"280.00000000","time":1610103601446,"isBuyerMaker":true,"isBestMatch":true},{"id":84,"price":"0.28090000","qty":"72.97000000","quoteQty":"20.49727300","time":1610103850058,"isBuyerMaker":false,"isBestMatch":true},{"id":85,"price":"0.28170000","qty":"110.00000000","quoteQty":"30.98700000","time":1610103976128,"isBuyerMaker":false,"isBestMatch":true},{"id":86,"price":"0.28340000","qty":"345.11000000","quoteQty":"97.80417400","time":1610104080547,"isBuyerMaker":false,"isBestMatch":true},{"id":87,"price":"0.28220000","qty":"250.00000000","quoteQty":"70.55000000","time":1610104213984,"isBuyerMaker":false,"isBestMatch":true},{"id":88,"price":"0.28220000","qty":"500.00000000","quoteQty":"141.10000000","time":1610104252112,"isBuyerMaker":true,"isBestMatch":true},{"id":89,"price":"0.28200000","qty":"354.00000000","quoteQty":"99.82800000","time":1610104267525,"isBuyerMaker":true,"isBestMatch":true},{"id":90,"price":"0.28430000","qty":"35.17000000","quoteQty":"9.99883100","time":1610104885961,"isBuyerMaker":false,"isBestMatch":true},{"id":91,"price":"0.28400000","qty":"172.00000000","quoteQty":"48.84800000","time":1610104886087,"isBuyerMaker":true,"isBestMatch":true},{"id":92,"price":"0.28550000","qty":"35.63000000","quoteQty":"10.17236500","time":1610104954973,"isBuyerMaker":false,"isBestMatch":true},{"id":93,"price":"0.28550000","qty":"492.53000000","quoteQty":"140.61731500","time":1610104954973,"isBuyerMaker":false,"isBestMatch":true},{"id":94,"price":"0.28550000","qty":"86.18000000","quoteQty":"24.60439000","time":1610104958771,"isBuyerMaker":false,"isBestMatch":true},{"id":95,"price":"0.28550000","qty":"58.55000000","quoteQty":"16.71602500","time":1610104960557,"isBuyerMaker":false,"isBestMatch":true},{"id":96,"price":"0.28550000","qty":"35.38000000","quoteQty":"10.10099000","time":1610104963671,"isBuyerMaker":false,"isBestMatch":true},{"id":97,"price":"0.28570000","qty":"36.41000000","quoteQty":"10.40233700","time":1610104968667,"isBuyerMaker":false,"isBestMatch":true},{"id":98,"price":"0.28570000","qty":"43.06000000","quoteQty":"12.30224200","time":1610104971465,"isBuyerMaker":false,"isBestMatch":true},{"id":99,"price":"0.28520000","qty":"58.55000000","quoteQty":"16.69846000","time":1610105043121,"isBuyerMaker":true,"isBestMatch":true},{"id":100,"price":"0.28550000","qty":"249.75000000","quoteQty":"71.30362500","time":1610105084277,"isBuyerMaker":true,"isBestMatch":true},{"id":101,"price":"0.28590000","qty":"116.89000000","quoteQty":"33.41885100","time":1610105090971,"isBuyerMaker":false,"isBestMatch":true},{"id":102,"price":"0.28490000","qty":"450.94000000","quoteQty":"128.47280600","time":1610105092535,"isBuyerMaker":true,"isBestMatch":true},{"id":103,"price":"0.28490000","qty":"227.75000000","quoteQty":"64.88597500","time":1610105092554,"isBuyerMaker":true,"isBestMatch":true},{"id":104,"price":"0.28460000","qty":"576.74000000","quoteQty":"164.14020400","time":1610105092581,"isBuyerMaker":true,"isBestMatch":true},{"id":105,"price":"0.28430000","qty":"617.30000000","quoteQty":"175.49839000","time":1610105092888,"isBuyerMaker":true,"isBestMatch":true},{"id":106,"price":"0.28400000","qty":"828.00000000","quoteQty":"235.15200000","time":1610105117651,"isBuyerMaker":true,"isBestMatch":true},{"id":107,"price":"0.28430000","qty":"639.64000000","quoteQty":"181.84965200","time":1610105140143,"isBuyerMaker":false,"isBestMatch":true},{"id":108,"price":"0.28470000","qty":"258.99000000","quoteQty":"73.73445300","time":1610105140143,"isBuyerMaker":false,"isBestMatch":true},{"id":109,"price":"0.28440000","qty":"480.49000000","quoteQty":"136.65135600","time":1610105155377,"isBuyerMaker":false,"isBestMatch":true},{"id":110,"price":"0.28630000","qty":"694.23000000","quoteQty":"198.75804900","time":1610105296751,"isBuyerMaker":true,"isBestMatch":true},{"id":111,"price":"0.28600000","qty":"362.30000000","quoteQty":"103.61780000","time":1610105297156,"isBuyerMaker":true,"isBestMatch":true},{"id":112,"price":"0.28600000","qty":"1000.35000000","quoteQty":"286.10010000","time":1610105297449,"isBuyerMaker":true,"isBestMatch":true},{"id":113,"price":"0.28570000","qty":"629.06000000","quoteQty":"179.72244200","time":1610105297758,"isBuyerMaker":true,"isBestMatch":true},{"id":114,"price":"0.28550000","qty":"1771.42000000","quoteQty":"505.74041000","time":1610105297758,"isBuyerMaker":true,"isBestMatch":true},{"id":115,"price":"0.28530000","qty":"128.69000000","quoteQty":"36.71525700","time":1610105297758,"isBuyerMaker":true,"isBestMatch":true},{"id":116,"price":"0.28670000","qty":"200.00000000","quoteQty":"57.34000000","time":1610105310546,"isBuyerMaker":false,"isBestMatch":true},{"id":117,"price":"0.28670000","qty":"816.10000000","quoteQty":"233.97587000","time":1610105327995,"isBuyerMaker":true,"isBestMatch":true},{"id":118,"price":"0.28680000","qty":"52.30000000","quoteQty":"14.99964000","time":1610105349985,"isBuyerMaker":false,"isBestMatch":true},{"id":119,"price":"0.28670000","qty":"0.08000000","quoteQty":"0.02293600","time":1610105399405,"isBuyerMaker":true,"isBestMatch":true},{"id":120,"price":"0.28370000","qty":"44.12000000","quoteQty":"12.51684400","time":1610105399405,"isBuyerMaker":true,"isBestMatch":true},{"id":121,"price":"0.28370000","qty":"0.01000000","quoteQty":"0.00283700","time":1610105399419,"isBuyerMaker":true,"isBestMatch":true},{"id":122,"price":"0.28410000","qty":"696.70000000","quoteQty":"197.93247000","time":1610105407478,"isBuyerMaker":false,"isBestMatch":true},{"id":123,"price":"0.28480000","qty":"492.84000000","quoteQty":"140.36083200","time":1610105407478,"isBuyerMaker":false,"isBestMatch":true},{"id":124,"price":"0.28310000","qty":"555.81000000","quoteQty":"157.34981100","time":1610105478675,"isBuyerMaker":false,"isBestMatch":true},{"id":125,"price":"0.28340000","qty":"991.28000000","quoteQty":"280.92875200","time":1610105478675,"isBuyerMaker":false,"isBestMatch":true},{"id":126,"price":"0.28250000","qty":"35.70000000","quoteQty":"10.08525000","time":1610105483022,"isBuyerMaker":true,"isBestMatch":true},{"id":127,"price":"0.28210000","qty":"81.19000000","quoteQty":"22.90369900","time":1610105483022,"isBuyerMaker":true,"isBestMatch":true},{"id":128,"price":"0.28000000","qty":"250.00000000","quoteQty":"70.00000000","time":1610105536461,"isBuyerMaker":true,"isBestMatch":true},{"id":129,"price":"0.28000000","qty":"714.20000000","quoteQty":"199.97600000","time":1610105536461,"isBuyerMaker":true,"isBestMatch":true},{"id":130,"price":"0.28000000","qty":"0.08000000","quoteQty":"0.02240000","time":1610105536708,"isBuyerMaker":true,"isBestMatch":true},{"id":131,"price":"0.27930000","qty":"0.04000000","quoteQty":"0.01117200","time":1610105536708,"isBuyerMaker":true,"isBestMatch":true},{"id":132,"price":"0.27910000","qty":"540.25000000","quoteQty":"150.78377500","time":1610105536708,"isBuyerMaker":true,"isBestMatch":true},{"id":133,"price":"0.27890000","qty":"423.83000000","quoteQty":"118.20618700","time":1610105536708,"isBuyerMaker":true,"isBestMatch":true},{"id":134,"price":"0.28070000","qty":"35.70000000","quoteQty":"10.02099000","time":1610105703585,"isBuyerMaker":true,"isBestMatch":true},{"id":135,"price":"0.28080000","qty":"91.39000000","quoteQty":"25.66231200","time":1610105816636,"isBuyerMaker":true,"isBestMatch":true},{"id":136,"price":"0.28190000","qty":"120.34000000","quoteQty":"33.92384600","time":1610105930016,"isBuyerMaker":false,"isBestMatch":true},{"id":137,"price":"0.28190000","qty":"48.35000000","quoteQty":"13.62986500","time":1610106323662,"isBuyerMaker":true,"isBestMatch":true},{"id":138,"price":"0.28190000","qty":"177.37000000","quoteQty":"50.00060300","time":1610106323662,"isBuyerMaker":true,"isBestMatch":true},{"id":139,"price":"0.28190000","qty":"1323.28000000","quoteQty":"373.03263200","time":1610106323662,"isBuyerMaker":true,"isBestMatch":true},{"id":140,"price":"0.28190000","qty":"76.70000000","quoteQty":"21.62173000","time":1610106323853,"isBuyerMaker":true,"isBestMatch":true},{"id":141,"price":"0.28190000","qty":"0.02000000","quoteQty":"0.00563800","time":1610106691600,"isBuyerMaker":true,"isBestMatch":true},{"id":142,"price":"0.28020000","qty":"3568.78000000","quoteQty":"999.97215600","time":1610106691600,"isBuyerMaker":true,"isBestMatch":true},{"id":143,"price":"0.28140000","qty":"100.00000000","quoteQty":"28.14000000","time":1610106810833,"isBuyerMaker":false,"isBestMatch":true},{"id":144,"price":"0.28180000","qty":"35.97000000","quoteQty":"10.13634600","time":1610107013888,"isBuyerMaker":true,"isBestMatch":true},{"id":145,"price":"0.28150000","qty":"188.00000000","quoteQty":"52.92200000","time":1610107027128,"isBuyerMaker":true,"isBestMatch":true},{"id":146,"price":"0.28150000","qty":"188.20000000","quoteQty":"52.97830000","time":1610107027289,"isBuyerMaker":true,"isBestMatch":true},{"id":147,"price":"0.28150000","qty":"48.09000000","quoteQty":"13.53733500","time":1610107027403,"isBuyerMaker":true,"isBestMatch":true},{"id":148,"price":"0.28150000","qty":"981.40000000","quoteQty":"276.26410000","time":1610107027763,"isBuyerMaker":true,"isBestMatch":true},{"id":149,"price":"0.28160000","qty":"188.98000000","quoteQty":"53.21676800","time":1610107029681,"isBuyerMaker":false,"isBestMatch":true},{"id":150,"price":"0.28160000","qty":"236.19000000","quoteQty":"66.51110400","time":1610107029735,"isBuyerMaker":false,"isBestMatch":true},{"id":151,"price":"0.28160000","qty":"107.07000000","quoteQty":"30.15091200","time":1610107029752,"isBuyerMaker":false,"isBestMatch":true},{"id":152,"price":"0.28150000","qty":"539.77000000","quoteQty":"151.94525500","time":1610107190915,"isBuyerMaker":false,"isBestMatch":true},{"id":153,"price":"0.28150000","qty":"189.58000000","quoteQty":"53.36677000","time":1610107196827,"isBuyerMaker":false,"isBestMatch":true},{"id":154,"price":"0.28150000","qty":"189.53000000","quoteQty":"53.35269500","time":1610107196851,"isBuyerMaker":false,"isBestMatch":true},{"id":155,"price":"0.28150000","qty":"189.52000000","quoteQty":"53.34988000","time":1610107197210,"isBuyerMaker":false,"isBestMatch":true},{"id":156,"price":"0.28150000","qty":"82.45000000","quoteQty":"23.20967500","time":1610107197226,"isBuyerMaker":false,"isBestMatch":true},{"id":157,"price":"0.28150000","qty":"239.90000000","quoteQty":"67.53185000","time":1610107199460,"isBuyerMaker":false,"isBestMatch":true},{"id":158,"price":"0.28150000","qty":"1600.00000000","quoteQty":"450.40000000","time":1610107205113,"isBuyerMaker":false,"isBestMatch":true},{"id":159,"price":"0.28150000","qty":"700.20000000","quoteQty":"197.10630000","time":1610107205428,"isBuyerMaker":false,"isBestMatch":true},{"id":160,"price":"0.28150000","qty":"910.70000000","quoteQty":"256.36205000","time":1610107205515,"isBuyerMaker":false,"isBestMatch":true},{"id":161,"price":"0.28150000","qty":"558.30000000","quoteQty":"157.16145000","time":1610107205733,"isBuyerMaker":false,"isBestMatch":true},{"id":162,"price":"0.28150000","qty":"0.06000000","quoteQty":"0.01689000","time":1610107221781,"isBuyerMaker":false,"isBestMatch":true}]