[{"id":221416563,"price":"0.04120100","qty":"0.04800000","quoteQty":"0.00197764","time":1611660551344,"isBuyerMaker":false,"isBestMatch":true},{"id":221416564,"price":"0.04120100","qty":"0.06100000","quoteQty":"0.00251326","time":1611660551544,"isBuyerMaker":false,"isBestMatch":true},{"id":221416565,"price":"0.04120000","qty":"0.08400000","quoteQty":"0.00346080","time":1611660551574,"isBuyerMaker":true,"isBestMatch":true},{"id":221416566,"price":"0.04120100","qty":"0.11000000","quoteQty":"0.00453211","time":1611660551583,"isBuyerMaker":false,"isBestMatch":true},{"id":221416567,"price":"0.04120100","qty":"0.65700000","quoteQty":"0.02706905","time":1611660551583,"isBuyerMaker":false,"isBestMatch":true},{"id":221416568,"price":"0.04120000","qty":"0.49500000","quoteQty":"0.02039400","time":1611660551613,"isBuyerMaker":true,"isBestMatch":true},{"id":221416569,"price":"0.04120000","qty":"0.08200000","quoteQty":"0.00337840","time":1611660551657,"isBuyerMaker":true,"isBestMatch":true},{"id":221416570,"price":"0.04120000","qty":"2.93900000","quoteQty":"0.12108680","time":1611660551871,"isBuyerMaker":true,"isBestMatch":true},{"id":221416571,"price":"0.04120000","qty":"0.00900000","quoteQty":"0.00037080","time":1611660551919,"isBuyerMaker":true,"isBestMatch":true},{"id":221416572,"price":"0.04120000","qty":"0.08000000","quoteQty":"0.00329600","time":1611660551957,"isBuyerMaker":true,"isBestMatch":true},{"id":221416573,"price":"0.04120100","qty":"0.08800000","quoteQty":"0.00362568","time":1611660552421,"isBuyerMaker":false,"isBestMatch":true},{"id":221416574,"price":"0.04120100","qty":"1.82300000","quoteQty":"0.07510942","time":1611660552659,"isBuyerMaker":false,"isBestMatch":true},{"id":221416575,"price":"0.04120400","qty":"0.18300000","quoteQty":"0.00754033","time":1611660552768,"isBuyerMaker":true,"isBestMatch":true},{"id":221416576,"price":"0.04120400","qty":"0.05200000","quoteQty":"0.00214260","time":1611660553539,"isBuyerMaker":false,"isBestMatch":true},{"id":221416577,"price":"0.04120900","qty":"0.09400000","quoteQty":"0.00387364","time":1611660553978,"isBuyerMaker":true,"isBestMatch":true},{"id":221416578,"price":"0.04120900","qty":"0.87400000","quoteQty":"0.03601666","time":1611660554031,"isBuyerMaker":true,"isBestMatch":true},{"id":221416579,"price":"0.04121600","qty":"3.50000000","quoteQty":"0.14425600","time":1611660554684,"isBuyerMaker":true,"isBestMatch":true},{"id":221416580,"price":"0.04122100","qty":"0.21400000","quoteQty":"0.00882129","time":1611660555513,"isBuyerMaker":true,"isBestMatch":true},{"id":221416581,"price":"0.04122100","qty":"0.02100000","quoteQty":"0.00086564","time":1611660555571,"isBuyerMaker":true,"isBestMatch":true},{"id":221416582,"price":"0.04122100","qty":"0.03700000","quoteQty":"0.00152517","time":1611660555931,"isBuyerMaker":true,"isBestMatch":true},{"id":221416583,"price":"0.04122300","qty":"0.93400000","quoteQty":"0.03850228","time":1611660556296,"isBuyerMaker":true,"isBestMatch":true},{"id":221416584,"price":"0.04122300","qty":"0.26500000","quoteQty":"0.01092409","time":1611660556547,"isBuyerMaker":true,"isBestMatch":true},{"id":221416585,"price":"0.04122400","qty":"0.31700000","quoteQty":"0.01306800","time":1611660556984,"isBuyerMaker":false,"isBestMatch":true},{"id":221416586,"price":"0.04122900","qty":"0.10600000","quoteQty":"0.00437027","time":1611660557508,"isBuyerMaker":false,"isBestMatch":true},{"id":221416587,"price":"0.04122900","qty":"0.04500000","quoteQty":"0.00185530","time":1611660557561,"isBuyerMaker":false,"isBestMatch":true},{"id":221416588,"price":"0.04123400","qty":"0.90000000","quoteQty":"0.03711060","time":1611660557922,"isBuyerMaker":false,"isBestMatch":true},{"id":221416589,"price":"0.04123500","qty":"0.51000000","quoteQty":"0.02102985","time":1611660558565,"isBuyerMaker":true,"isBestMatch":true},{"id":221416590,"price":"0.04123200","qty":"0.27800000","quoteQty":"0.01146249","time":1611660558775,"isBuyerMaker":true,"isBestMatch":true},{"id":221416591,"price":"0.04122800","qty":"0.08400000","quoteQty":"0.00346315","time":1611660559025,"isBuyerMaker":true,"isBestMatch":true},{"id":221416592,"price":"0.04122800","qty":"1.19700000","quoteQty":"0.04934991","time":1611660560090,"isBuyerMaker":true,"isBestMatch":true},{"id":221416593,"price":"0.04122900","qty":"0.79300000","quoteQty":"0.03269459","time":1611660560645,"isBuyerMaker":false,"isBestMatch":true},{"id":221416594,"price":"0.04123200","qty":"0.11000000","quoteQty":"0.00453552","time":1611660560711,"isBuyerMaker":true,"isBestMatch":true},{"id":221416595,"price":"0.04123200","qty":"0.64800000","quoteQty":"0.02671833","time":1611660560711,"isBuyerMaker":true,"isBestMatch":true},{"id":221416596,"price":"0.04123500","qty":"0.03700000","quoteQty":"0.00152569","time":1611660561389,"isBuyerMaker":true,"isBestMatch":true},{"id":221416597,"price":"0.04123600","qty":"0.01700000","quoteQty":"0.00070101","time":1611660562990,"isBuyerMaker":true,"isBestMatch":true},{"id":221416598,"price":"0.04123500","qty":"0.44500000","quoteQty":"0.01834957","time":1611660563088,"isBuyerMaker":true,"isBestMatch":true},{"id":221416599,"price":"0.04123400","qty":"0.02100000","quoteQty":"0.00086591","time":1611660563950,"isBuyerMaker":true,"isBestMatch":true},{"id":221416600,"price":"0.04123800","qty":"0.24400000","quoteQty":"0.01006207","time":1611660564009,"isBuyerMaker":true,"isBestMatch":true},{"id":221416601,"price":"0.04123800","qty":"2.42600000","quoteQty":"0.10004338","time":1611660564030,"isBuyerMaker":true,"isBestMatch":true},{"id":221416602,"price":"0.04123400","qty":"0.02100000","quoteQty":"0.00086591","time":1611660565709,"isBuyerMaker":true,"isBestMatch":true},{"id":221416603,"price":"0.04123400","qty":"0.03900000","quoteQty":"0.00160812","time":1611660565999,"isBuyerMaker":false,"isBestMatch":true},{"id":221416604,"price":"0.04123200","qty":"0.10100000","quoteQty":"0.00416443","time":1611660566583,"isBuyerMaker":false,"isBestMatch":true},{"id":221416605,"price":"0.04123200","qty":"0.95100000","quoteQty":"0.03921163","time":1611660567085,"isBuyerMaker":false,"isBestMatch":true},{"id":221416606,"price":"0.04123500","qty":"0.91100000","quoteQty":"0.03756508","time":1611660568160,"isBuyerMaker":true,"isBestMatch":true},{"id":221416607,"price":"0.04123500","qty":"0.23000000","quoteQty":"0.00948405","time":1611660569475,"isBuyerMaker":true,"isBestMatch":true},{"id":221416608,"price":"0.04123500","qty":"0.11000000","quoteQty":"0.00453585","time":1611660569510,"isBuyerMaker":true,"isBestMatch":true},{"id":221416609,"price":"0.04123500","qty":"0.54900000","quoteQty":"0.02263801","time":1611660569889,"isBuyerMaker":true,"isBestMatch":true},{"id":221416610,"price":"0.04123500","qty":"3.60000000","quoteQty":"0.14844600","time":1611660571804,"isBuyerMaker":false,"isBestMatch":true},{"id":221416611,"price":"0.04123900","qty":"0.02000000","quoteQty":"0.00082478","time":1611660571844,"isBuyerMaker":false,"isBestMatch":true},{"id":221416612,"price":"0.04123900","qty":"0.03300000","quoteQty":"0.00136088","time":1611660571844,"isBuyerMaker":false,"isBestMatch":true},{"id":221416613,"price":"0.04123800","qty":"0.04100000","quoteQty":"0.00169075","time":1611660571872,"isBuyerMaker":true,"isBestMatch":true},{"id":221416614,"price":"0.04123800","qty":"1.65600000","quoteQty":"0.06829012","time":1611660571872,"isBuyerMaker":true,"isBestMatch":true},{"id":221416615,"price":"0.04123800","qty":"0.02100000","quoteQty":"0.00086599","time":1611660571911,"isBuyerMaker":true,"isBestMatch":true},{"id":221416616,"price":"0.04124100","qty":"0.02100000","quoteQty":"0.00086606","time":1611660573629,"isBuyerMaker":true,"isBestMatch":true},{"id":221416617,"price":"0.04124100","qty":"0.29200000","quoteQty":"0.01204237","time":1611660574733,"isBuyerMaker":true,"isBestMatch":true},{"id":221416618,"price":"0.04124100","qty":"0.06200000","quoteQty":"0.00255694","time":1611660574733,"isBuyerMaker":true,"isBestMatch":true},{"id":221416619,"price":"0.04124100","qty":"1.80000000","quoteQty":"0.07423380","time":1611660574733,"isBuyerMaker":true,"isBestMatch":true},{"id":221416620,"price":"0.04124000","qty":"0.45100000","quoteQty":"0.01859924","time":1611660576093,"isBuyerMaker":true,"isBestMatch":true},{"id":221416621,"price":"0.04124000","qty":"0.13700000","quoteQty":"0.00564988","time":1611660576128,"isBuyerMaker":true,"isBestMatch":true},{"id":221416622,"price":"0.04124000","qty":"0.12800000","quoteQty":"0.00527872","time":1611660576170,"isBuyerMaker":true,"isBestMatch":true},{"id":221416623,"price":"0.04124000","qty":"0.03900000","quoteQty":"0.00160836","time":1611660576571,"isBuyerMaker":true,"isBestMatch":true},{"id":221416624,"price":"0.04124000","qty":"0.05800000","quoteQty":"0.00239192","time":1611660576610,"isBuyerMaker":true,"isBestMatch":true},{"id":221416625,"price":"0.04124000","qty":"0.07300000","quoteQty":"0.00301052","time":1611660576686,"isBuyerMaker":true,"isBestMatch":true},{"id":221416626,"price":"0.04124000","qty":"0.91400000","quoteQty":"0.03769336","time":1611660576773,"isBuyerMaker":true,"isBestMatch":true},{"id":221416627,"price":"0.04123600","qty":"2.58600000","quoteQty":"0.10663629","time":1611660576810,"isBuyerMaker":true,"isBestMatch":true},{"id":221416628,"price":"0.04123700","qty":"0.14400000","quoteQty":"0.00593812","time":1611660578607,"isBuyerMaker":true,"isBestMatch":true},{"id":221416629,"price":"0.04123600","qty":"1.86400000","quoteQty":"0.07686390","time":1611660578715,"isBuyerMaker":true,"isBestMatch":true},{"id":221416630,"price":"0.04123600","qty":"0.21000000","quoteQty":"0.00865956","time":1611660578749,"isBuyerMaker":true,"isBestMatch":true},{"id":221416631,"price":"0.04123400","qty":"0.00900000","quoteQty":"0.00037110","time":1611660579253,"isBuyerMaker":true,"isBestMatch":true},{"id":221416632,"price":"0.04123400","qty":"0.01000000","quoteQty":"0.00041234","time":1611660579253,"isBuyerMaker":true,"isBestMatch":true},{"id":221416633,"price":"0.04123400","qty":"0.01000000","quoteQty":"0.00041234","time":1611660579253,"isBuyerMaker":true,"isBestMatch":true},{"id":221416634,"price":"0.04123400","qty":"0.00800000","quoteQty":"0.00032987","time":1611660579253,"isBuyerMaker":true,"isBestMatch":true},{"id":221416635,"price":"0.04123400","qty":"0.00200000","quoteQty":"0.00008246","time":1611660579707,"isBuyerMaker":true,"isBestMatch":true},{"id":221416636,"price":"0.04123400","qty":"0.01000000","quoteQty":"0.00041234","time":1611660579707,"isBuyerMaker":true,"isBestMatch":true},{"id":221416637,"price":"0.04123400","qty":"0.01100000","quoteQty":"0.00045357","time":1611660579707,"isBuyerMaker":true,"isBestMatch":true},{"id":221416638,"price":"0.04123400","qty":"0.24300000","quoteQty":"0.01001986","time":1611660580848,"isBuyerMaker":false,"isBestMatch":true},{"id":221416639,"price":"0.04123600","qty":"0.01600000","quoteQty":"0.00065977","time":1611660583359,"isBuyerMaker":false,"isBestMatch":true},{"id":221416640,"price":"0.04124200","qty":"1.21200000","quoteQty":"0.04998530","time":1611660583480,"isBuyerMaker":false,"isBestMatch":true},{"id":221416641,"price":"0.04123800","qty":"0.02100000","quoteQty":"0.00086599","time":1611660583507,"isBuyerMaker":true,"isBestMatch":true},{"id":221416642,"price":"0.04124100","qty":"0.06200000","quoteQty":"0.00255694","time":1611660583549,"isBuyerMaker":true,"isBestMatch":true},{"id":221416643,"price":"0.04123700","qty":"0.20900000","quoteQty":"0.00861853","time":1611660584474,"isBuyerMaker":false,"isBestMatch":true},{"id":221416644,"price":"0.04123700","qty":"6.14600000","quoteQty":"0.25344260","time":1611660584521,"isBuyerMaker":false,"isBestMatch":true},{"id":221416645,"price":"0.04123700","qty":"6.01200000","quoteQty":"0.24791684","time":1611660584562,"isBuyerMaker":false,"isBestMatch":true},{"id":221416646,"price":"0.04124300","qty":"2.71500000","quoteQty":"0.11197474","time":1611660585141,"isBuyerMaker":false,"isBestMatch":true},{"id":221416647,"price":"0.04123800","qty":"0.10100000","quoteQty":"0.00416503","time":1611660585323,"isBuyerMaker":true,"isBestMatch":true},{"id":221416648,"price":"0.04123800","qty":"0.12100000","quoteQty":"0.00498979","time":1611660585327,"isBuyerMaker":true,"isBestMatch":true},{"id":221416649,"price":"0.04123800","qty":"0.09200000","quoteQty":"0.00379389","time":1611660585346,"isBuyerMaker":true,"isBestMatch":true},{"id":221416650,"price":"0.04123600","qty":"0.22200000","quoteQty":"0.00915439","time":1611660585346,"isBuyerMaker":true,"isBestMatch":true},{"id":221416651,"price":"0.04123600","qty":"0.28800000","quoteQty":"0.01187596","time":1611660585412,"isBuyerMaker":true,"isBestMatch":true},{"id":221416652,"price":"0.04123400","qty":"0.23100000","quoteQty":"0.00952505","time":1611660585571,"isBuyerMaker":true,"isBestMatch":true},{"id":221416653,"price":"0.04123000","qty":"3.59900000","quoteQty":"0.14838677","time":1611660586320,"isBuyerMaker":false,"isBestMatch":true},{"id":221416654,"price":"0.04123300","qty":"0.22500000","quoteQty":"0.00927742","time":1611660586729,"isBuyerMaker":true,"isBestMatch":true},{"id":221416655,"price":"0.04123500","qty":"0.18900000","quoteQty":"0.00779341","time":1611660588950,"isBuyerMaker":true,"isBestMatch":true},{"id":221416656,"price":"0.04123500","qty":"0.04500000","quoteQty":"0.00185557","time":1611660589090,"isBuyerMaker":true,"isBestMatch":true},{"id":221416657,"price":"0.04123500","qty":"0.21900000","quoteQty":"0.00903046","time":1611660589270,"isBuyerMaker":true,"isBestMatch":true},{"id":221416658,"price":"0.04123500","qty":"0.06000000","quoteQty":"0.00247410","time":1611660589510,"isBuyerMaker":true,"isBestMatch":true},{"id":221416659,"price":"0.04123200","qty":"0.01100000","quoteQty":"0.00045355","time":1611660589671,"isBuyerMaker":false,"isBestMatch":true},{"id":221416660,"price":"0.04122900","qty":"1.80000000","quoteQty":"0.07421220","time":1611660590908,"isBuyerMaker":true,"isBestMatch":true},{"id":221416661,"price":"0.04122900","qty":"0.07100000","quoteQty":"0.00292725","time":1611660590908,"isBuyerMaker":true,"isBestMatch":true},{"id":221416662,"price":"0.04123100","qty":"0.01000000","quoteQty":"0.00041231","time":1611660592110,"isBuyerMaker":true,"isBestMatch":true},{"id":221416663,"price":"0.04123100","qty":"1.02900000","quoteQty":"0.04242669","time":1611660592929,"isBuyerMaker":true,"isBestMatch":true},{"id":221416664,"price":"0.04123100","qty":"0.00500000","quoteQty":"0.00020615","time":1611660593047,"isBuyerMaker":true,"isBestMatch":true},{"id":221416665,"price":"0.04123100","qty":"0.75600000","quoteQty":"0.03117063","time":1611660594044,"isBuyerMaker":true,"isBestMatch":true},{"id":221416666,"price":"0.04123100","qty":"0.43400000","quoteQty":"0.01789425","time":1611660594044,"isBuyerMaker":true,"isBestMatch":true},{"id":221416667,"price":"0.04123100","qty":"0.02700000","quoteQty":"0.00111323","time":1611660596857,"isBuyerMaker":true,"isBestMatch":true},{"id":221416668,"price":"0.04123100","qty":"0.05000000","quoteQty":"0.00206155","time":1611660598695,"isBuyerMaker":true,"isBestMatch":true},{"id":221416669,"price":"0.04122900","qty":"0.02700000","quoteQty":"0.00111318","time":1611660598858,"isBuyerMaker":true,"isBestMatch":true},{"id":221416670,"price":"0.04122900","qty":"0.10800000","quoteQty":"0.00445273","time":1611660599448,"isBuyerMaker":true,"isBestMatch":true},{"id":221416671,"price":"0.04122900","qty":"0.02700000","quoteQty":"0.00111318","time":1611660599860,"isBuyerMaker":true,"isBestMatch":true},{"id":221416672,"price":"0.04122900","qty":"0.19600000","quoteQty":"0.00808088","time":1611660599888,"isBuyerMaker":true,"isBestMatch":true},{"id":221416673,"price":"0.04122900","qty":"0.10700000","quoteQty":"0.00441150","time":1611660601454,"isBuyerMaker":true,"isBestMatch":true},{"id":221416674,"price":"0.04123000","qty":"0.04300000","quoteQty":"0.00177289","time":1611660601810,"isBuyerMaker":false,"isBestMatch":true},{"id":221416675,"price":"0.04122900","qty":"6.01400000","quoteQty":"0.24795120","time":1611660601814,"isBuyerMaker":true,"isBestMatch":true},{"id":221416676,"price":"0.04122900","qty":"1.30000000","quoteQty":"0.05359770","time":1611660601850,"isBuyerMaker":true,"isBestMatch":true},{"id":221416677,"price":"0.04122800","qty":"0.03500000","quoteQty":"0.00144298","time":1611660602280,"isBuyerMaker":false,"isBestMatch":true},{"id":221416678,"price":"0.04122800","qty":"0.05000000","quoteQty":"0.00206140","time":1611660602285,"isBuyerMaker":false,"isBestMatch":true},{"id":221416679,"price":"0.04122800","qty":"0.01600000","quoteQty":"0.00065964","time":1611660602293,"isBuyerMaker":false,"isBestMatch":true},{"id":221416680,"price":"0.04122800","qty":"0.04600000","quoteQty":"0.00189648","time":1611660602323,"isBuyerMaker":false,"isBestMatch":true},{"id":221416681,"price":"0.04122800","qty":"0.01600000","quoteQty":"0.00065964","time":1611660602387,"isBuyerMaker":false,"isBestMatch":true},{"id":221416682,"price":"0.04122700","qty":"0.03500000","quoteQty":"0.00144294","time":1611660602392,"isBuyerMaker":false,"isBestMatch":true},{"id":221416683,"price":"0.04122700","qty":"0.01600000","quoteQty":"0.00065963","time":1611660602393,"isBuyerMaker":false,"isBestMatch":true},{"id":221416684,"price":"0.04122700","qty":"0.03500000","quoteQty":"0.00144294","time":1611660602395,"isBuyerMaker":false,"isBestMatch":true},{"id":221416685,"price":"0.04122700","qty":"0.01600000","quoteQty":"0.00065963","time":1611660602402,"isBuyerMaker":false,"isBestMatch":true},{"id":221416686,"price":"0.04122700","qty":"0.03500000","quoteQty":"0.00144294","time":1611660602405,"isBuyerMaker":false,"isBestMatch":true},{"id":221416687,"price":"0.04122700","qty":"0.11200000","quoteQty":"0.00461742","time":1611660602406,"isBuyerMaker":false,"isBestMatch":true},{"id":221416688,"price":"0.04122700","qty":"0.02000000","quoteQty":"0.00082454","time":1611660602407,"isBuyerMaker":false,"isBestMatch":true},{"id":221416689,"price":"0.04122700","qty":"0.01600000","quoteQty":"0.00065963","time":1611660602407,"isBuyerMaker":false,"isBestMatch":true},{"id":221416690,"price":"0.04122700","qty":"0.02000000","quoteQty":"0.00082454","time":1611660602408,"isBuyerMaker":false,"isBestMatch":true},{"id":221416691,"price":"0.04122700","qty":"0.06000000","quoteQty":"0.00247362","time":1611660602413,"isBuyerMaker":false,"isBestMatch":true},{"id":221416692,"price":"0.04122700","qty":"0.01600000","quoteQty":"0.00065963","time":1611660602415,"isBuyerMaker":false,"isBestMatch":true},{"id":221416693,"price":"0.04122700","qty":"0.01600000","quoteQty":"0.00065963","time":1611660602416,"isBuyerMaker":false,"isBestMatch":true},{"id":221416694,"price":"0.04122600","qty":"0.10700000","quoteQty":"0.00441118","time":1611660602450,"isBuyerMaker":true,"isBestMatch":true},{"id":221416695,"price":"0.04122700","qty":"0.08500000","quoteQty":"0.00350429","time":1611660602464,"isBuyerMaker":false,"isBestMatch":true},{"id":221416696,"price":"0.04122700","qty":"0.03500000","quoteQty":"0.00144294","time":1611660602519,"isBuyerMaker":false,"isBestMatch":true},{"id":221416697,"price":"0.04121900","qty":"1.13400000","quoteQty":"0.04674234","time":1611660605090,"isBuyerMaker":true,"isBestMatch":true},{"id":221416698,"price":"0.04121400","qty":"0.07200000","quoteQty":"0.00296740","time":1611660605548,"isBuyerMaker":false,"isBestMatch":true},{"id":221416699,"price":"0.04121400","qty":"0.05600000","quoteQty":"0.00230798","time":1611660605639,"isBuyerMaker":false,"isBestMatch":true},{"id":221416700,"price":"0.04120700","qty":"0.02200000","quoteQty":"0.00090655","time":1611660606151,"isBuyerMaker":true,"isBestMatch":true},{"id":221416701,"price":"0.04120500","qty":"0.01200000","quoteQty":"0.00049446","time":1611660606651,"isBuyerMaker":true,"isBestMatch":true},{"id":221416702,"price":"0.04120400","qty":"0.10100000","quoteQty":"0.00416160","time":1611660606694,"isBuyerMaker":true,"isBestMatch":true},{"id":221416703,"price":"0.04120400","qty":"0.03100000","quoteQty":"0.00127732","time":1611660606732,"isBuyerMaker":true,"isBestMatch":true},{"id":221416704,"price":"0.04120400","qty":"0.42000000","quoteQty":"0.01730568","time":1611660606732,"isBuyerMaker":true,"isBestMatch":true},{"id":221416705,"price":"0.04120100","qty":"0.88100000","quoteQty":"0.03629808","time":1611660606936,"isBuyerMaker":false,"isBestMatch":true},{"id":221416706,"price":"0.04120000","qty":"0.10100000","quoteQty":"0.00416120","time":1611660606972,"isBuyerMaker":true,"isBestMatch":true},{"id":221416707,"price":"0.04120000","qty":"0.02100000","quoteQty":"0.00086520","time":1611660607350,"isBuyerMaker":true,"isBestMatch":true},{"id":221416708,"price":"0.04120100","qty":"0.00900000","quoteQty":"0.00037080","time":1611660607395,"isBuyerMaker":false,"isBestMatch":true},{"id":221416709,"price":"0.04120100","qty":"0.00900000","quoteQty":"0.00037080","time":1611660607418,"isBuyerMaker":false,"isBestMatch":true},{"id":221416710,"price":"0.04120100","qty":"0.00900000","quoteQty":"0.00037080","time":1611660607468,"isBuyerMaker":false,"isBestMatch":true},{"id":221416711,"price":"0.04121200","qty":"0.25000000","quoteQty":"0.01030300","time":1611660607648,"isBuyerMaker":false,"isBestMatch":true},{"id":221416712,"price":"0.04121100","qty":"0.19500000","quoteQty":"0.00803614","time":1611660607821,"isBuyerMaker":false,"isBestMatch":true},{"id":221416713,"price":"0.04122100","qty":"0.35400000","quoteQty":"0.01459223","time":1611660608915,"isBuyerMaker":true,"isBestMatch":true},{"id":221416714,"price":"0.04122400","qty":"0.26200000","quoteQty":"0.01080068","time":1611660609014,"isBuyerMaker":true,"isBestMatch":true},{"id":221416715,"price":"0.04122400","qty":"0.01000000","quoteQty":"0.00041224","time":1611660609045,"isBuyerMaker":true,"isBestMatch":true},{"id":221416716,"price":"0.04122400","qty":"0.14100000","quoteQty":"0.00581258","time":1611660609073,"isBuyerMaker":true,"isBestMatch":true},{"id":221416717,"price":"0.04122300","qty":"0.03500000","quoteQty":"0.00144280","time":1611660609424,"isBuyerMaker":false,"isBestMatch":true},{"id":221416718,"price":"0.04123100","qty":"2.00000000","quoteQty":"0.08246200","time":1611660612213,"isBuyerMaker":true,"isBestMatch":true},{"id":221416719,"price":"0.04123100","qty":"0.01500000","quoteQty":"0.00061846","time":1611660612549,"isBuyerMaker":true,"isBestMatch":true},{"id":221416720,"price":"0.04123200","qty":"0.01200000","quoteQty":"0.00049478","time":1611660612634,"isBuyerMaker":false,"isBestMatch":true},{"id":221416721,"price":"0.04123600","qty":"0.14100000","quoteQty":"0.00581427","time":1611660612634,"isBuyerMaker":false,"isBestMatch":true},{"id":221416722,"price":"0.04123500","qty":"0.79800000","quoteQty":"0.03290553","time":1611660612674,"isBuyerMaker":true,"isBestMatch":true},{"id":221416723,"price":"0.04123600","qty":"0.10500000","quoteQty":"0.00432978","time":1611660612712,"isBuyerMaker":true,"isBestMatch":true},{"id":221416724,"price":"0.04123600","qty":"0.22000000","quoteQty":"0.00907192","time":1611660612750,"isBuyerMaker":true,"isBestMatch":true},{"id":221416725,"price":"0.04123300","qty":"0.30200000","quoteQty":"0.01245236","time":1611660614031,"isBuyerMaker":false,"isBestMatch":true},{"id":221416726,"price":"0.04123200","qty":"0.10700000","quoteQty":"0.00441182","time":1611660615058,"isBuyerMaker":true,"isBestMatch":true},{"id":221416727,"price":"0.04122800","qty":"0.12400000","quoteQty":"0.00511227","time":1611660615058,"isBuyerMaker":true,"isBestMatch":true},{"id":221416728,"price":"0.04122000","qty":"0.08000000","quoteQty":"0.00329760","time":1611660615058,"isBuyerMaker":true,"isBestMatch":true},{"id":221416729,"price":"0.04121900","qty":"0.04300000","quoteQty":"0.00177241","time":1611660615058,"isBuyerMaker":true,"isBestMatch":true},{"id":221416730,"price":"0.04121800","qty":"0.01700000","quoteQty":"0.00070070","time":1611660615058,"isBuyerMaker":true,"isBestMatch":true},{"id":221416731,"price":"0.04123000","qty":"1.56900000","quoteQty":"0.06468987","time":1611660615402,"isBuyerMaker":false,"isBestMatch":true},{"id":221416732,"price":"0.04122900","qty":"0.23400000","quoteQty":"0.00964758","time":1611660615453,"isBuyerMaker":true,"isBestMatch":true},{"id":221416733,"price":"0.04122900","qty":"0.48600000","quoteQty":"0.02003729","time":1611660615689,"isBuyerMaker":true,"isBestMatch":true},{"id":221416734,"price":"0.04122900","qty":"0.29800000","quoteQty":"0.01228624","time":1611660615733,"isBuyerMaker":true,"isBestMatch":true},{"id":221416735,"price":"0.04122700","qty":"0.00900000","quoteQty":"0.00037104","time":1611660615995,"isBuyerMaker":false,"isBestMatch":true},{"id":221416736,"price":"0.04122700","qty":"0.00900000","quoteQty":"0.00037104","time":1611660616064,"isBuyerMaker":false,"isBestMatch":true},{"id":221416737,"price":"0.04122700","qty":"0.00900000","quoteQty":"0.00037104","time":1611660616132,"isBuyerMaker":false,"isBestMatch":true},{"id":221416738,"price":"0.04122700","qty":"0.00900000","quoteQty":"0.00037104","time":1611660616203,"isBuyerMaker":false,"isBestMatch":true},{"id":221416739,"price":"0.04122700","qty":"0.00900000","quoteQty":"0.00037104","time":1611660616276,"isBuyerMaker":false,"isBestMatch":true},{"id":221416740,"price":"0.04122600","qty":"0.00900000","quoteQty":"0.00037103","time":1611660616308,"isBuyerMaker":true,"isBestMatch":true},{"id":221416741,"price":"0.04122700","qty":"0.10100000","quoteQty":"0.00416392","time":1611660616325,"isBuyerMaker":false,"isBestMatch":true},{"id":221416742,"price":"0.04122700","qty":"0.00900000","quoteQty":"0.00037104","time":1611660616349,"isBuyerMaker":false,"isBestMatch":true},{"id":221416743,"price":"0.04122700","qty":"0.00900000","quoteQty":"0.00037104","time":1611660616418,"isBuyerMaker":false,"isBestMatch":true},{"id":221416744,"price":"0.04122600","qty":"2.17700000","quoteQty":"0.08974900","time":1611660616445,"isBuyerMaker":true,"isBestMatch":true},{"id":221416745,"price":"0.04122700","qty":"0.00900000","quoteQty":"0.00037104","time":1611660616492,"isBuyerMaker":false,"isBestMatch":true},{"id":221416746,"price":"0.04122700","qty":"0.00900000","quoteQty":"0.00037104","time":1611660616569,"isBuyerMaker":false,"isBestMatch":true},{"id":221416747,"price":"0.04122700","qty":"0.00900000","quoteQty":"0.00037104","time":1611660616642,"isBuyerMaker":false,"isBestMatch":true},{"id":221416748,"price":"0.04122700","qty":"0.00900000","quoteQty":"0.00037104","time":1611660616709,"isBuyerMaker":false,"isBestMatch":true},{"id":221416749,"price":"0.04122600","qty":"0.01800000","quoteQty":"0.00074206","time":1611660616713,"isBuyerMaker":true,"isBestMatch":true},{"id":221416750,"price":"0.04122700","qty":"0.00900000","quoteQty":"0.00037104","time":1611660616777,"isBuyerMaker":false,"isBestMatch":true},{"id":221416751,"price":"0.04122700","qty":"0.00900000","quoteQty":"0.00037104","time":1611660616852,"isBuyerMaker":false,"isBestMatch":true},{"id":221416752,"price":"0.04122700","qty":"0.00900000","quoteQty":"0.00037104","time":1611660616921,"isBuyerMaker":false,"isBestMatch":true},{"id":221416753,"price":"0.04122700","qty":"0.00900000","quoteQty":"0.00037104","time":1611660616990,"isBuyerMaker":false,"isBestMatch":true},{"id":221416754,"price":"0.04121700","qty":"0.36900000","quoteQty":"0.01520907","time":1611660617061,"isBuyerMaker":true,"isBestMatch":true},{"id":221416755,"price":"0.04122600","qty":"0.00900000","quoteQty":"0.00037103","time":1611660617071,"isBuyerMaker":false,"isBestMatch":true},{"id":221416756,"price":"0.04121200","qty":"0.04100000","quoteQty":"0.00168969","time":1611660617074,"isBuyerMaker":true,"isBestMatch":true},{"id":221416757,"price":"0.04121200","qty":"0.05400000","quoteQty":"0.00222544","time":1611660617074,"isBuyerMaker":true,"isBestMatch":true},{"id":221416758,"price":"0.04121100","qty":"0.19500000","quoteQty":"0.00803614","time":1611660617074,"isBuyerMaker":true,"isBestMatch":true},{"id":221416759,"price":"0.04121100","qty":"0.81300000","quoteQty":"0.03350454","time":1611660617074,"isBuyerMaker":true,"isBestMatch":true},{"id":221416760,"price":"0.04121000","qty":"2.39700000","quoteQty":"0.09878037","time":1611660617074,"isBuyerMaker":true,"isBestMatch":true},{"id":221416761,"price":"0.04122400","qty":"0.00900000","quoteQty":"0.00037101","time":1611660617167,"isBuyerMaker":false,"isBestMatch":true},{"id":221416762,"price":"0.04122000","qty":"0.03700000","quoteQty":"0.00152514","time":1611660617220,"isBuyerMaker":false,"isBestMatch":true},{"id":221416763,"price":"0.04122000","qty":"0.00900000","quoteQty":"0.00037098","time":1611660617243,"isBuyerMaker":false,"isBestMatch":true},{"id":221416764,"price":"0.04122100","qty":"0.00900000","quoteQty":"0.00037098","time":1611660617333,"isBuyerMaker":false,"isBestMatch":true},{"id":221416765,"price":"0.04122100","qty":"0.00900000","quoteQty":"0.00037098","time":1611660617403,"isBuyerMaker":false,"isBestMatch":true},{"id":221416766,"price":"0.04122100","qty":"0.00900000","quoteQty":"0.00037098","time":1611660617471,"isBuyerMaker":false,"isBestMatch":true},{"id":221416767,"price":"0.04122300","qty":"0.00900000","quoteQty":"0.00037100","time":1611660617616,"isBuyerMaker":false,"isBestMatch":true},{"id":221416768,"price":"0.04122300","qty":"0.00900000","quoteQty":"0.00037100","time":1611660617694,"isBuyerMaker":false,"isBestMatch":true},{"id":221416769,"price":"0.04122300","qty":"0.00900000","quoteQty":"0.00037100","time":1611660617755,"isBuyerMaker":false,"isBestMatch":true},{"id":221416770,"price":"0.04122200","qty":"0.22700000","quoteQty":"0.00935739","time":1611660617775,"isBuyerMaker":true,"isBestMatch":true},{"id":221416771,"price":"0.04122200","qty":"0.00900000","quoteQty":"0.00037099","time":1611660617822,"isBuyerMaker":false,"isBestMatch":true},{"id":221416772,"price":"0.04122200","qty":"0.00900000","quoteQty":"0.00037099","time":1611660617890,"isBuyerMaker":false,"isBestMatch":true},{"id":221416773,"price":"0.04122100","qty":"0.00900000","quoteQty":"0.00037098","time":1611660617912,"isBuyerMaker":true,"isBestMatch":true},{"id":221416774,"price":"0.04122100","qty":"0.00900000","quoteQty":"0.00037098","time":1611660617961,"isBuyerMaker":false,"isBestMatch":true},{"id":221416775,"price":"0.04122100","qty":"0.00900000","quoteQty":"0.00037098","time":1611660618032,"isBuyerMaker":false,"isBestMatch":true},{"id":221416776,"price":"0.04122000","qty":"0.36900000","quoteQty":"0.01521018","time":1611660618062,"isBuyerMaker":true,"isBestMatch":true},{"id":221416777,"price":"0.04122300","qty":"0.16400000","quoteQty":"0.00676057","time":1611660618513,"isBuyerMaker":true,"isBestMatch":true},{"id":221416778,"price":"0.04122300","qty":"0.03600000","quoteQty":"0.00148402","time":1611660618785,"isBuyerMaker":true,"isBestMatch":true},{"id":221416779,"price":"0.04122300","qty":"0.06500000","quoteQty":"0.00267949","time":1611660618927,"isBuyerMaker":true,"isBestMatch":true},{"id":221416780,"price":"0.04122500","qty":"0.38300000","quoteQty":"0.01578917","time":1611660620049,"isBuyerMaker":true,"isBestMatch":true},{"id":221416781,"price":"0.04122600","qty":"0.11100000","quoteQty":"0.00457608","time":1611660620429,"isBuyerMaker":false,"isBestMatch":true},{"id":221416782,"price":"0.04122600","qty":"0.63000000","quoteQty":"0.02597238","time":1611660620429,"isBuyerMaker":false,"isBestMatch":true},{"id":221416783,"price":"0.04122600","qty":"0.16100000","quoteQty":"0.00663738","time":1611660620429,"isBuyerMaker":false,"isBestMatch":true},{"id":221416784,"price":"0.04122500","qty":"2.42500000","quoteQty":"0.09997062","time":1611660620981,"isBuyerMaker":true,"isBestMatch":true},{"id":221416785,"price":"0.04121700","qty":"0.40500000","quoteQty":"0.01669288","time":1611660621016,"isBuyerMaker":true,"isBestMatch":true},{"id":221416786,"price":"0.04122400","qty":"0.08600000","quoteQty":"0.00354526","time":1611660622711,"isBuyerMaker":true,"isBestMatch":true},{"id":221416787,"price":"0.04122200","qty":"0.15000000","quoteQty":"0.00618330","time":1611660624139,"isBuyerMaker":false,"isBestMatch":true},{"id":221416788,"price":"0.04122000","qty":"4.63400000","quoteQty":"0.19101348","time":1611660625035,"isBuyerMaker":true,"isBestMatch":true},{"id":221416789,"price":"0.04122200","qty":"0.92400000","quoteQty":"0.03808912","time":1611660625261,"isBuyerMaker":false,"isBestMatch":true},{"id":221416790,"price":"0.04122200","qty":"0.15700000","quoteQty":"0.00647185","time":1611660625301,"isBuyerMaker":false,"isBestMatch":true},{"id":221416791,"price":"0.04122200","qty":"1.82700000","quoteQty":"0.07531259","time":1611660625315,"isBuyerMaker":false,"isBestMatch":true},{"id":221416792,"price":"0.04122500","qty":"0.00300000","quoteQty":"0.00012367","time":1611660625571,"isBuyerMaker":true,"isBestMatch":true},{"id":221416793,"price":"0.04122600","qty":"0.09900000","quoteQty":"0.00408137","time":1611660625706,"isBuyerMaker":false,"isBestMatch":true},{"id":221416794,"price":"0.04122900","qty":"0.14900000","quoteQty":"0.00614312","time":1611660626348,"isBuyerMaker":true,"isBestMatch":true},{"id":221416795,"price":"0.04122900","qty":"0.24700000","quoteQty":"0.01018356","time":1611660626751,"isBuyerMaker":true,"isBestMatch":true},{"id":221416796,"price":"0.04123300","qty":"0.15300000","quoteQty":"0.00630864","time":1611660626840,"isBuyerMaker":false,"isBestMatch":true},{"id":221416797,"price":"0.04124000","qty":"1.54800000","quoteQty":"0.06383952","time":1611660628932,"isBuyerMaker":true,"isBestMatch":true},{"id":221416798,"price":"0.04124000","qty":"0.20100000","quoteQty":"0.00828924","time":1611660628968,"isBuyerMaker":true,"isBestMatch":true},{"id":221416799,"price":"0.04124100","qty":"0.04500000","quoteQty":"0.00185584","time":1611660629430,"isBuyerMaker":true,"isBestMatch":true},{"id":221416800,"price":"0.04124100","qty":"0.51400000","quoteQty":"0.02119787","time":1611660629469,"isBuyerMaker":true,"isBestMatch":true},{"id":221416801,"price":"0.04123500","qty":"0.61000000","quoteQty":"0.02515335","time":1611660630603,"isBuyerMaker":false,"isBestMatch":true},{"id":221416802,"price":"0.04123400","qty":"0.18900000","quoteQty":"0.00779322","time":1611660631590,"isBuyerMaker":true,"isBestMatch":true},{"id":221416803,"price":"0.04123500","qty":"0.18500000","quoteQty":"0.00762847","time":1611660631761,"isBuyerMaker":false,"isBestMatch":true},{"id":221416804,"price":"0.04123500","qty":"0.46200000","quoteQty":"0.01905057","time":1611660631761,"isBuyerMaker":false,"isBestMatch":true},{"id":221416805,"price":"0.04123600","qty":"0.01700000","quoteQty":"0.00070101","time":1611660631849,"isBuyerMaker":true,"isBestMatch":true},{"id":221416806,"price":"0.04123700","qty":"0.51000000","quoteQty":"0.02103087","time":1611660631852,"isBuyerMaker":false,"isBestMatch":true},{"id":221416807,"price":"0.04124100","qty":"0.94900000","quoteQty":"0.03913770","time":1611660632049,"isBuyerMaker":true,"isBestMatch":true},{"id":221416808,"price":"0.04124100","qty":"0.76300000","quoteQty":"0.03146688","time":1611660632100,"isBuyerMaker":true,"isBestMatch":true},{"id":221416809,"price":"0.04124100","qty":"0.00900000","quoteQty":"0.00037116","time":1611660632155,"isBuyerMaker":true,"isBestMatch":true},{"id":221416810,"price":"0.04123700","qty":"0.34200000","quoteQty":"0.01410305","time":1611660633024,"isBuyerMaker":true,"isBestMatch":true},{"id":221416811,"price":"0.04123700","qty":"0.16900000","quoteQty":"0.00696905","time":1611660633025,"isBuyerMaker":true,"isBestMatch":true},{"id":221416812,"price":"0.04123700","qty":"2.23500000","quoteQty":"0.09216469","time":1611660633049,"isBuyerMaker":true,"isBestMatch":true},{"id":221416813,"price":"0.04123700","qty":"0.07500000","quoteQty":"0.00309277","time":1611660633353,"isBuyerMaker":true,"isBestMatch":true},{"id":221416814,"price":"0.04123300","qty":"0.03200000","quoteQty":"0.00131945","time":1611660633633,"isBuyerMaker":true,"isBestMatch":true},{"id":221416815,"price":"0.04123300","qty":"0.13100000","quoteQty":"0.00540152","time":1611660633672,"isBuyerMaker":true,"isBestMatch":true},{"id":221416816,"price":"0.04122600","qty":"0.03200000","quoteQty":"0.00131923","time":1611660633672,"isBuyerMaker":true,"isBestMatch":true},{"id":221416817,"price":"0.04123200","qty":"0.07200000","quoteQty":"0.00296870","time":1611660633913,"isBuyerMaker":true,"isBestMatch":true},{"id":221416818,"price":"0.04123200","qty":"0.06000000","quoteQty":"0.00247392","time":1611660633973,"isBuyerMaker":true,"isBestMatch":true},{"id":221416819,"price":"0.04123400","qty":"0.09900000","quoteQty":"0.00408216","time":1611660634392,"isBuyerMaker":true,"isBestMatch":true},{"id":221416820,"price":"0.04123500","qty":"0.03600000","quoteQty":"0.00148446","time":1611660634520,"isBuyerMaker":false,"isBestMatch":true},{"id":221416821,"price":"0.04123500","qty":"0.04600000","quoteQty":"0.00189681","time":1611660634520,"isBuyerMaker":false,"isBestMatch":true},{"id":221416822,"price":"0.04123500","qty":"0.08200000","quoteQty":"0.00338127","time":1611660634527,"isBuyerMaker":false,"isBestMatch":true},{"id":221416823,"price":"0.04123400","qty":"0.78100000","quoteQty":"0.03220375","time":1611660634590,"isBuyerMaker":true,"isBestMatch":true},{"id":221416824,"price":"0.04123500","qty":"0.64700000","quoteQty":"0.02667904","time":1611660634791,"isBuyerMaker":false,"isBestMatch":true},{"id":221416825,"price":"0.04123400","qty":"1.37600000","quoteQty":"0.05673798","time":1611660634860,"isBuyerMaker":true,"isBestMatch":true},{"id":221416826,"price":"0.04123400","qty":"1.33500000","quoteQty":"0.05504739","time":1611660635270,"isBuyerMaker":true,"isBestMatch":true},{"id":221416827,"price":"0.04123400","qty":"0.62000000","quoteQty":"0.02556508","time":1611660635313,"isBuyerMaker":true,"isBestMatch":true},{"id":221416828,"price":"0.04122800","qty":"1.77000000","quoteQty":"0.07297356","time":1611660635447,"isBuyerMaker":false,"isBestMatch":true},{"id":221416829,"price":"0.04122800","qty":"1.57300000","quoteQty":"0.06485164","time":1611660635447,"isBuyerMaker":false,"isBestMatch":true},{"id":221416830,"price":"0.04123100","qty":"0.32100000","quoteQty":"0.01323515","time":1611660635468,"isBuyerMaker":false,"isBestMatch":true},{"id":221416831,"price":"0.04123000","qty":"0.45800000","quoteQty":"0.01888334","time":1611660635915,"isBuyerMaker":true,"isBestMatch":true},{"id":221416832,"price":"0.04123200","qty":"0.10700000","quoteQty":"0.00441182","time":1611660636367,"isBuyerMaker":true,"isBestMatch":true},{"id":221416833,"price":"0.04123100","qty":"0.23300000","quoteQty":"0.00960682","time":1611660636367,"isBuyerMaker":true,"isBestMatch":true},{"id":221416834,"price":"0.04123800","qty":"2.27100000","quoteQty":"0.09365149","time":1611660636832,"isBuyerMaker":true,"isBestMatch":true},{"id":221416835,"price":"0.04123800","qty":"0.01300000","quoteQty":"0.00053609","time":1611660636926,"isBuyerMaker":true,"isBestMatch":true},{"id":221416836,"price":"0.04124100","qty":"0.15400000","quoteQty":"0.00635111","time":1611660637030,"isBuyerMaker":true,"isBestMatch":true},{"id":221416837,"price":"0.04123500","qty":"0.04500000","quoteQty":"0.00185557","time":1611660638224,"isBuyerMaker":false,"isBestMatch":true},{"id":221416838,"price":"0.04123500","qty":"0.64700000","quoteQty":"0.02667904","time":1611660638237,"isBuyerMaker":false,"isBestMatch":true},{"id":221416839,"price":"0.04123300","qty":"0.37700000","quoteQty":"0.01554484","time":1611660638392,"isBuyerMaker":true,"isBestMatch":true},{"id":221416840,"price":"0.04123300","qty":"2.80300000","quoteQty":"0.11557609","time":1611660638431,"isBuyerMaker":true,"isBestMatch":true},{"id":221416841,"price":"0.04123400","qty":"2.62800000","quoteQty":"0.10836295","time":1611660638549,"isBuyerMaker":false,"isBestMatch":true},{"id":221416842,"price":"0.04124200","qty":"0.12000000","quoteQty":"0.00494904","time":1611660639243,"isBuyerMaker":false,"isBestMatch":true},{"id":221416843,"price":"0.04124600","qty":"1.62300000","quoteQty":"0.06694225","time":1611660639765,"isBuyerMaker":false,"isBestMatch":true},{"id":221416844,"price":"0.04124800","qty":"0.13700000","quoteQty":"0.00565097","time":1611660640048,"isBuyerMaker":true,"isBestMatch":true},{"id":221416845,"price":"0.04124800","qty":"0.56200000","quoteQty":"0.02318137","time":1611660640098,"isBuyerMaker":true,"isBestMatch":true},{"id":221416846,"price":"0.04124900","qty":"0.68100000","quoteQty":"0.02809056","time":1611660640484,"isBuyerMaker":false,"isBestMatch":true},{"id":221416847,"price":"0.04125100","qty":"0.06000000","quoteQty":"0.00247506","time":1611660640607,"isBuyerMaker":false,"isBestMatch":true},{"id":221416848,"price":"0.04125100","qty":"0.12100000","quoteQty":"0.00499137","time":1611660641244,"isBuyerMaker":false,"isBestMatch":true},{"id":221416849,"price":"0.04125100","qty":"0.44400000","quoteQty":"0.01831544","time":1611660641266,"isBuyerMaker":false,"isBestMatch":true},{"id":221416850,"price":"0.04125000","qty":"0.52100000","quoteQty":"0.02149125","time":1611660641667,"isBuyerMaker":true,"isBestMatch":true},{"id":221416851,"price":"0.04125000","qty":"1.54800000","quoteQty":"0.06385500","time":1611660641711,"isBuyerMaker":true,"isBestMatch":true},{"id":221416852,"price":"0.04125000","qty":"1.00900000","quoteQty":"0.04162125","time":1611660641754,"isBuyerMaker":true,"isBestMatch":true},{"id":221416853,"price":"0.04125000","qty":"0.07800000","quoteQty":"0.00321750","time":1611660642091,"isBuyerMaker":true,"isBestMatch":true},{"id":221416854,"price":"0.04125000","qty":"2.00300000","quoteQty":"0.08262375","time":1611660642129,"isBuyerMaker":true,"isBestMatch":true},{"id":221416855,"price":"0.04124800","qty":"1.46200000","quoteQty":"0.06030457","time":1611660642273,"isBuyerMaker":true,"isBestMatch":true},{"id":221416856,"price":"0.04123800","qty":"0.12100000","quoteQty":"0.00498979","time":1611660642313,"isBuyerMaker":true,"isBestMatch":true},{"id":221416857,"price":"0.04123800","qty":"0.50400000","quoteQty":"0.02078395","time":1611660642313,"isBuyerMaker":true,"isBestMatch":true},{"id":221416858,"price":"0.04124100","qty":"0.10700000","quoteQty":"0.00441278","time":1611660642777,"isBuyerMaker":true,"isBestMatch":true},{"id":221416859,"price":"0.04123800","qty":"0.00600000","quoteQty":"0.00024742","time":1611660642777,"isBuyerMaker":true,"isBestMatch":true},{"id":221416860,"price":"0.04124800","qty":"0.09600000","quoteQty":"0.00395980","time":1611660643041,"isBuyerMaker":false,"isBestMatch":true},{"id":221416861,"price":"0.04124800","qty":"0.09600000","quoteQty":"0.00395980","time":1611660643360,"isBuyerMaker":false,"isBestMatch":true},{"id":221416862,"price":"0.04125200","qty":"0.12100000","quoteQty":"0.00499149","time":1611660644258,"isBuyerMaker":false,"isBestMatch":true},{"id":221416863,"price":"0.04125100","qty":"0.04800000","quoteQty":"0.00198004","time":1611660644412,"isBuyerMaker":true,"isBestMatch":true},{"id":221416864,"price":"0.04125100","qty":"0.74200000","quoteQty":"0.03060824","time":1611660644458,"isBuyerMaker":true,"isBestMatch":true},{"id":221416865,"price":"0.04125200","qty":"2.17700000","quoteQty":"0.08980560","time":1611660644647,"isBuyerMaker":false,"isBestMatch":true},{"id":221416866,"price":"0.04125200","qty":"3.60000000","quoteQty":"0.14850720","time":1611660644647,"isBuyerMaker":false,"isBestMatch":true},{"id":221416867,"price":"0.04125500","qty":"3.25000000","quoteQty":"0.13407875","time":1611660644756,"isBuyerMaker":true,"isBestMatch":true},{"id":221416868,"price":"0.04125500","qty":"0.01800000","quoteQty":"0.00074259","time":1611660645028,"isBuyerMaker":true,"isBestMatch":true},{"id":221416869,"price":"0.04125500","qty":"0.87200000","quoteQty":"0.03597436","time":1611660645074,"isBuyerMaker":true,"isBestMatch":true},{"id":221416870,"price":"0.04125500","qty":"0.09300000","quoteQty":"0.00383671","time":1611660645115,"isBuyerMaker":true,"isBestMatch":true},{"id":221416871,"price":"0.04125500","qty":"0.87200000","quoteQty":"0.03597436","time":1611660645195,"isBuyerMaker":true,"isBestMatch":true},{"id":221416872,"price":"0.04125500","qty":"0.17800000","quoteQty":"0.00734339","time":1611660645229,"isBuyerMaker":true,"isBestMatch":true},{"id":221416873,"price":"0.04125600","qty":"0.03700000","quoteQty":"0.00152647","time":1611660645321,"isBuyerMaker":false,"isBestMatch":true},{"id":221416874,"price":"0.04126400","qty":"0.01700000","quoteQty":"0.00070148","time":1611660646233,"isBuyerMaker":true,"isBestMatch":true},{"id":221416875,"price":"0.04126300","qty":"0.33400000","quoteQty":"0.01378184","time":1611660646663,"isBuyerMaker":false,"isBestMatch":true},{"id":221416876,"price":"0.04126300","qty":"0.03900000","quoteQty":"0.00160925","time":1611660646702,"isBuyerMaker":false,"isBestMatch":true},{"id":221416877,"price":"0.04126500","qty":"0.01200000","quoteQty":"0.00049518","time":1611660647161,"isBuyerMaker":false,"isBestMatch":true},{"id":221416878,"price":"0.04126500","qty":"0.15600000","quoteQty":"0.00643734","time":1611660647161,"isBuyerMaker":false,"isBestMatch":true},{"id":221416879,"price":"0.04126500","qty":"0.12100000","quoteQty":"0.00499306","time":1611660647257,"isBuyerMaker":false,"isBestMatch":true},{"id":221416880,"price":"0.04126600","qty":"0.04000000","quoteQty":"0.00165064","time":1611660648814,"isBuyerMaker":true,"isBestMatch":true},{"id":221416881,"price":"0.04126700","qty":"0.16700000","quoteQty":"0.00689158","time":1611660649156,"isBuyerMaker":false,"isBestMatch":true},{"id":221416882,"price":"0.04126600","qty":"0.18900000","quoteQty":"0.00779927","time":1611660649395,"isBuyerMaker":true,"isBestMatch":true},{"id":221416883,"price":"0.04126600","qty":"0.05300000","quoteQty":"0.00218709","time":1611660649511,"isBuyerMaker":true,"isBestMatch":true},{"id":221416884,"price":"0.04126600","qty":"0.01200000","quoteQty":"0.00049519","time":1611660649636,"isBuyerMaker":true,"isBestMatch":true},{"id":221416885,"price":"0.04126600","qty":"0.01100000","quoteQty":"0.00045392","time":1611660649753,"isBuyerMaker":true,"isBestMatch":true},{"id":221416886,"price":"0.04126600","qty":"0.50000000","quoteQty":"0.02063300","time":1611660649828,"isBuyerMaker":true,"isBestMatch":true},{"id":221416887,"price":"0.04126600","qty":"0.99500000","quoteQty":"0.04105967","time":1611660649992,"isBuyerMaker":true,"isBestMatch":true},{"id":221416888,"price":"0.04126600","qty":"0.14400000","quoteQty":"0.00594230","time":1611660649992,"isBuyerMaker":true,"isBestMatch":true},{"id":221416889,"price":"0.04126700","qty":"0.02300000","quoteQty":"0.00094914","time":1611660650162,"isBuyerMaker":false,"isBestMatch":true},{"id":221416890,"price":"0.04126700","qty":"0.47400000","quoteQty":"0.01956055","time":1611660650361,"isBuyerMaker":false,"isBestMatch":true},{"id":221416891,"price":"0.04127700","qty":"0.55300000","quoteQty":"0.02282618","time":1611660650409,"isBuyerMaker":false,"isBestMatch":true},{"id":221416892,"price":"0.04127400","qty":"0.05700000","quoteQty":"0.00235261","time":1611660651131,"isBuyerMaker":true,"isBestMatch":true},{"id":221416893,"price":"0.04127400","qty":"0.01100000","quoteQty":"0.00045401","time":1611660651388,"isBuyerMaker":true,"isBestMatch":true},{"id":221416894,"price":"0.04127800","qty":"0.26400000","quoteQty":"0.01089739","time":1611660651904,"isBuyerMaker":true,"isBestMatch":true},{"id":221416895,"price":"0.04127800","qty":"0.03300000","quoteQty":"0.00136217","time":1611660652047,"isBuyerMaker":true,"isBestMatch":true},{"id":221416896,"price":"0.04128000","qty":"0.02000000","quoteQty":"0.00082560","time":1611660652300,"isBuyerMaker":false,"isBestMatch":true},{"id":221416897,"price":"0.04128000","qty":"0.12100000","quoteQty":"0.00499488","time":1611660652300,"isBuyerMaker":false,"isBestMatch":true},{"id":221416898,"price":"0.04127700","qty":"0.01900000","quoteQty":"0.00078426","time":1611660653033,"isBuyerMaker":false,"isBestMatch":true},{"id":221416899,"price":"0.04127600","qty":"0.01400000","quoteQty":"0.00057786","time":1611660653066,"isBuyerMaker":true,"isBestMatch":true},{"id":221416900,"price":"0.04127600","qty":"0.07700000","quoteQty":"0.00317825","time":1611660653305,"isBuyerMaker":true,"isBestMatch":true},{"id":221416901,"price":"0.04127700","qty":"3.60000000","quoteQty":"0.14859720","time":1611660653683,"isBuyerMaker":false,"isBestMatch":true},{"id":221416902,"price":"0.04127900","qty":"0.51000000","quoteQty":"0.02105229","time":1611660653683,"isBuyerMaker":false,"isBestMatch":true},{"id":221416903,"price":"0.04128000","qty":"4.64600000","quoteQty":"0.19178688","time":1611660653683,"isBuyerMaker":false,"isBestMatch":true},{"id":221416904,"price":"0.04128000","qty":"0.01200000","quoteQty":"0.00049536","time":1611660653850,"isBuyerMaker":true,"isBestMatch":true},{"id":221416905,"price":"0.04128200","qty":"0.30400000","quoteQty":"0.01254972","time":1611660654326,"isBuyerMaker":false,"isBestMatch":true},{"id":221416906,"price":"0.04128200","qty":"0.07600000","quoteQty":"0.00313743","time":1611660654343,"isBuyerMaker":false,"isBestMatch":true},{"id":221416907,"price":"0.04129000","qty":"0.12100000","quoteQty":"0.00499609","time":1611660654498,"isBuyerMaker":false,"isBestMatch":true},{"id":221416908,"price":"0.04128900","qty":"0.30000000","quoteQty":"0.01238670","time":1611660654764,"isBuyerMaker":true,"isBestMatch":true},{"id":221416909,"price":"0.04128900","qty":"0.01400000","quoteQty":"0.00057804","time":1611660654973,"isBuyerMaker":true,"isBestMatch":true},{"id":221416910,"price":"0.04128900","qty":"0.00500000","quoteQty":"0.00020644","time":1611660655024,"isBuyerMaker":true,"isBestMatch":true},{"id":221416911,"price":"0.04128500","qty":"0.09600000","quoteQty":"0.00396336","time":1611660655568,"isBuyerMaker":true,"isBestMatch":true},{"id":221416912,"price":"0.04128500","qty":"0.27100000","quoteQty":"0.01118823","time":1611660655746,"isBuyerMaker":true,"isBestMatch":true},{"id":221416913,"price":"0.04128200","qty":"0.43400000","quoteQty":"0.01791638","time":1611660655785,"isBuyerMaker":true,"isBestMatch":true},{"id":221416914,"price":"0.04127400","qty":"2.43600000","quoteQty":"0.10054346","time":1611660655831,"isBuyerMaker":true,"isBestMatch":true},{"id":221416915,"price":"0.04127900","qty":"3.16600000","quoteQty":"0.13068931","time":1611660656083,"isBuyerMaker":true,"isBestMatch":true},{"id":221416916,"price":"0.04127900","qty":"3.44700000","quoteQty":"0.14228871","time":1611660656083,"isBuyerMaker":true,"isBestMatch":true},{"id":221416917,"price":"0.04127900","qty":"0.03300000","quoteQty":"0.00136220","time":1611660656190,"isBuyerMaker":true,"isBestMatch":true},{"id":221416918,"price":"0.04128000","qty":"0.26400000","quoteQty":"0.01089792","time":1611660656379,"isBuyerMaker":false,"isBestMatch":true},{"id":221416919,"price":"0.04128400","qty":"0.96700000","quoteQty":"0.03992162","time":1611660656499,"isBuyerMaker":false,"isBestMatch":true},{"id":221416920,"price":"0.04128600","qty":"0.14500000","quoteQty":"0.00598647","time":1611660656871,"isBuyerMaker":true,"isBestMatch":true},{"id":221416921,"price":"0.04128900","qty":"0.74100000","quoteQty":"0.03059514","time":1611660657726,"isBuyerMaker":false,"isBestMatch":true},{"id":221416922,"price":"0.04128900","qty":"0.09800000","quoteQty":"0.00404632","time":1611660657765,"isBuyerMaker":false,"isBestMatch":true},{"id":221416923,"price":"0.04129000","qty":"0.12100000","quoteQty":"0.00499609","time":1611660658482,"isBuyerMaker":false,"isBestMatch":true},{"id":221416924,"price":"0.04129000","qty":"0.11300000","quoteQty":"0.00466577","time":1611660659489,"isBuyerMaker":false,"isBestMatch":true},{"id":221416925,"price":"0.04128700","qty":"0.02900000","quoteQty":"0.00119732","time":1611660660065,"isBuyerMaker":false,"isBestMatch":true},{"id":221416926,"price":"0.04128700","qty":"0.02900000","quoteQty":"0.00119732","time":1611660660121,"isBuyerMaker":false,"isBestMatch":true},{"id":221416927,"price":"0.04128700","qty":"0.15100000","quoteQty":"0.00623433","time":1611660660524,"isBuyerMaker":false,"isBestMatch":true},{"id":221416928,"price":"0.04128700","qty":"0.02900000","quoteQty":"0.00119732","time":1611660660542,"isBuyerMaker":false,"isBestMatch":true},{"id":221416929,"price":"0.04128700","qty":"0.30900000","quoteQty":"0.01275768","time":1611660660561,"isBuyerMaker":false,"isBestMatch":true},{"id":221416930,"price":"0.04128700","qty":"0.30900000","quoteQty":"0.01275768","time":1611660660582,"isBuyerMaker":false,"isBestMatch":true},{"id":221416931,"price":"0.04128800","qty":"0.01100000","quoteQty":"0.00045416","time":1611660661734,"isBuyerMaker":true,"isBestMatch":true},{"id":221416932,"price":"0.04128800","qty":"0.01100000","quoteQty":"0.00045416","time":1611660661856,"isBuyerMaker":true,"isBestMatch":true},{"id":221416933,"price":"0.04128800","qty":"0.01500000","quoteQty":"0.00061932","time":1611660662432,"isBuyerMaker":true,"isBestMatch":true},{"id":221416934,"price":"0.04128800","qty":"0.07300000","quoteQty":"0.00301402","time":1611660662490,"isBuyerMaker":true,"isBestMatch":true},{"id":221416935,"price":"0.04128800","qty":"0.01300000","quoteQty":"0.00053674","time":1611660662634,"isBuyerMaker":true,"isBestMatch":true},{"id":221416936,"price":"0.04128800","qty":"0.03700000","quoteQty":"0.00152765","time":1611660662677,"isBuyerMaker":true,"isBestMatch":true},{"id":221416937,"price":"0.04128800","qty":"1.86400000","quoteQty":"0.07696083","time":1611660662770,"isBuyerMaker":true,"isBestMatch":true},{"id":221416938,"price":"0.04128800","qty":"0.00100000","quoteQty":"0.00004128","time":1611660662883,"isBuyerMaker":true,"isBestMatch":true},{"id":221416939,"price":"0.04128400","qty":"1.00000000","quoteQty":"0.04128400","time":1611660662883,"isBuyerMaker":true,"isBestMatch":true},{"id":221416940,"price":"0.04128100","qty":"0.03200000","quoteQty":"0.00132099","time":1611660662883,"isBuyerMaker":true,"isBestMatch":true},{"id":221416941,"price":"0.04128600","qty":"0.26400000","quoteQty":"0.01089950","time":1611660662940,"isBuyerMaker":false,"isBestMatch":true},{"id":221416942,"price":"0.04128600","qty":"0.16700000","quoteQty":"0.00689476","time":1611660662972,"isBuyerMaker":false,"isBestMatch":true},{"id":221416943,"price":"0.04129000","qty":"0.22500000","quoteQty":"0.00929025","time":1611660663800,"isBuyerMaker":false,"isBestMatch":true},{"id":221416944,"price":"0.04129400","qty":"0.00700000","quoteQty":"0.00028905","time":1611660665110,"isBuyerMaker":false,"isBestMatch":true},{"id":221416945,"price":"0.04129400","qty":"0.08500000","quoteQty":"0.00350999","time":1611660665110,"isBuyerMaker":false,"isBestMatch":true},{"id":221416946,"price":"0.04129400","qty":"0.06500000","quoteQty":"0.00268411","time":1611660665110,"isBuyerMaker":false,"isBestMatch":true},{"id":221416947,"price":"0.04129400","qty":"1.47000000","quoteQty":"0.06070218","time":1611660665115,"isBuyerMaker":false,"isBestMatch":true},{"id":221416948,"price":"0.04129200","qty":"0.01700000","quoteQty":"0.00070196","time":1611660665150,"isBuyerMaker":true,"isBestMatch":true},{"id":221416949,"price":"0.04129200","qty":"0.98300000","quoteQty":"0.04059003","time":1611660665184,"isBuyerMaker":true,"isBestMatch":true},{"id":221416950,"price":"0.04128300","qty":"0.15900000","quoteQty":"0.00656399","time":1611660665211,"isBuyerMaker":true,"isBestMatch":true},{"id":221416951,"price":"0.04127500","qty":"0.03000000","quoteQty":"0.00123825","time":1611660665211,"isBuyerMaker":true,"isBestMatch":true},{"id":221416952,"price":"0.04127500","qty":"0.03000000","quoteQty":"0.00123825","time":1611660665211,"isBuyerMaker":true,"isBestMatch":true},{"id":221416953,"price":"0.04127100","qty":"0.11000000","quoteQty":"0.00453981","time":1611660665211,"isBuyerMaker":true,"isBestMatch":true},{"id":221416954,"price":"0.04128300","qty":"0.08600000","quoteQty":"0.00355033","time":1611660666256,"isBuyerMaker":true,"isBestMatch":true},{"id":221416955,"price":"0.04128200","qty":"0.02100000","quoteQty":"0.00086692","time":1611660666773,"isBuyerMaker":true,"isBestMatch":true},{"id":221416956,"price":"0.04128300","qty":"0.01600000","quoteQty":"0.00066052","time":1611660666946,"isBuyerMaker":false,"isBestMatch":true},{"id":221416957,"price":"0.04128300","qty":"5.00000000","quoteQty":"0.20641500","time":1611660667144,"isBuyerMaker":false,"isBestMatch":true},{"id":221416958,"price":"0.04128500","qty":"0.02000000","quoteQty":"0.00082570","time":1611660667183,"isBuyerMaker":false,"isBestMatch":true},{"id":221416959,"price":"0.04128500","qty":"0.06400000","quoteQty":"0.00264224","time":1611660667222,"isBuyerMaker":false,"isBestMatch":true},{"id":221416960,"price":"0.04128700","qty":"0.08400000","quoteQty":"0.00346810","time":1611660667262,"isBuyerMaker":false,"isBestMatch":true},{"id":221416961,"price":"0.04128700","qty":"3.51600000","quoteQty":"0.14516509","time":1611660667303,"isBuyerMaker":false,"isBestMatch":true},{"id":221416962,"price":"0.04128800","qty":"0.08100000","quoteQty":"0.00334432","time":1611660667364,"isBuyerMaker":false,"isBestMatch":true},{"id":221416963,"price":"0.04128800","qty":"0.00400000","quoteQty":"0.00016515","time":1611660667764,"isBuyerMaker":false,"isBestMatch":true},{"id":221416964,"price":"0.04128800","qty":"0.26000000","quoteQty":"0.01073488","time":1611660667764,"isBuyerMaker":false,"isBestMatch":true},{"id":221416965,"price":"0.04128800","qty":"0.72600000","quoteQty":"0.02997508","time":1611660667977,"isBuyerMaker":false,"isBestMatch":true},{"id":221416966,"price":"0.04128800","qty":"0.81400000","quoteQty":"0.03360843","time":1611660668324,"isBuyerMaker":false,"isBestMatch":true},{"id":221416967,"price":"0.04129200","qty":"0.09600000","quoteQty":"0.00396403","time":1611660668820,"isBuyerMaker":false,"isBestMatch":true},{"id":221416968,"price":"0.04129100","qty":"0.01000000","quoteQty":"0.00041291","time":1611660669144,"isBuyerMaker":true,"isBestMatch":true},{"id":221416969,"price":"0.04129100","qty":"0.05300000","quoteQty":"0.00218842","time":1611660669184,"isBuyerMaker":true,"isBestMatch":true},{"id":221416970,"price":"0.04129300","qty":"0.09600000","quoteQty":"0.00396412","time":1611660670171,"isBuyerMaker":true,"isBestMatch":true},{"id":221416971,"price":"0.04129500","qty":"0.00800000","quoteQty":"0.00033036","time":1611660672767,"isBuyerMaker":false,"isBestMatch":true},{"id":221416972,"price":"0.04129600","qty":"0.06700000","quoteQty":"0.00276683","time":1611660672782,"isBuyerMaker":false,"isBestMatch":true},{"id":221416973,"price":"0.04129600","qty":"0.44900000","quoteQty":"0.01854190","time":1611660672806,"isBuyerMaker":false,"isBestMatch":true},{"id":221416974,"price":"0.04129600","qty":"0.06700000","quoteQty":"0.00276683","time":1611660672921,"isBuyerMaker":false,"isBestMatch":true},{"id":221416975,"price":"0.04129800","qty":"0.01800000","quoteQty":"0.00074336","time":1611660672987,"isBuyerMaker":false,"isBestMatch":true},{"id":221416976,"price":"0.04129800","qty":"0.00500000","quoteQty":"0.00020649","time":1611660672987,"isBuyerMaker":false,"isBestMatch":true},{"id":221416977,"price":"0.04129800","qty":"1.50100000","quoteQty":"0.06198829","time":1611660672987,"isBuyerMaker":false,"isBestMatch":true},{"id":221416978,"price":"0.04129800","qty":"0.03100000","quoteQty":"0.00128023","time":1611660673007,"isBuyerMaker":false,"isBestMatch":true},{"id":221416979,"price":"0.04129800","qty":"0.23300000","quoteQty":"0.00962243","time":1611660673049,"isBuyerMaker":false,"isBestMatch":true},{"id":221416980,"price":"0.04129800","qty":"0.09200000","quoteQty":"0.00379941","time":1611660673082,"isBuyerMaker":false,"isBestMatch":true},{"id":221416981,"price":"0.04129800","qty":"0.13700000","quoteQty":"0.00565782","time":1611660673165,"isBuyerMaker":false,"isBestMatch":true},{"id":221416982,"price":"0.04129800","qty":"0.18000000","quoteQty":"0.00743364","time":1611660673201,"isBuyerMaker":false,"isBestMatch":true},{"id":221416983,"price":"0.04129800","qty":"1.12600000","quoteQty":"0.04650154","time":1611660673321,"isBuyerMaker":false,"isBestMatch":true},{"id":221416984,"price":"0.04129900","qty":"0.15000000","quoteQty":"0.00619485","time":1611660673680,"isBuyerMaker":false,"isBestMatch":true},{"id":221416985,"price":"0.04130000","qty":"0.04700000","quoteQty":"0.00194110","time":1611660674159,"isBuyerMaker":false,"isBestMatch":true},{"id":221416986,"price":"0.04130000","qty":"0.04100000","quoteQty":"0.00169330","time":1611660674159,"isBuyerMaker":false,"isBestMatch":true},{"id":221416987,"price":"0.04130000","qty":"0.07000000","quoteQty":"0.00289100","time":1611660674159,"isBuyerMaker":false,"isBestMatch":true},{"id":221416988,"price":"0.04130000","qty":"0.03100000","quoteQty":"0.00128030","time":1611660674159,"isBuyerMaker":false,"isBestMatch":true},{"id":221416989,"price":"0.04130200","qty":"0.00900000","quoteQty":"0.00037171","time":1611660674159,"isBuyerMaker":false,"isBestMatch":true},{"id":221416990,"price":"0.04130300","qty":"0.49000000","quoteQty":"0.02023847","time":1611660674159,"isBuyerMaker":false,"isBestMatch":true},{"id":221416991,"price":"0.04130300","qty":"3.11500000","quoteQty":"0.12865884","time":1611660674263,"isBuyerMaker":false,"isBestMatch":true},{"id":221416992,"price":"0.04130600","qty":"0.01000000","quoteQty":"0.00041306","time":1611660674303,"isBuyerMaker":false,"isBestMatch":true},{"id":221416993,"price":"0.04130700","qty":"0.33100000","quoteQty":"0.01367261","time":1611660674926,"isBuyerMaker":true,"isBestMatch":true},{"id":221416994,"price":"0.04130800","qty":"0.00900000","quoteQty":"0.00037177","time":1611660675306,"isBuyerMaker":false,"isBestMatch":true},{"id":221416995,"price":"0.04130800","qty":"0.72900000","quoteQty":"0.03011353","time":1611660675306,"isBuyerMaker":false,"isBestMatch":true},{"id":221416996,"price":"0.04130600","qty":"0.04500000","quoteQty":"0.00185877","time":1611660675559,"isBuyerMaker":false,"isBestMatch":true},{"id":221416997,"price":"0.04130700","qty":"0.09600000","quoteQty":"0.00396547","time":1611660676881,"isBuyerMaker":false,"isBestMatch":true},{"id":221416998,"price":"0.04130700","qty":"0.41400000","quoteQty":"0.01710109","time":1611660677721,"isBuyerMaker":false,"isBestMatch":true},{"id":221416999,"price":"0.04131300","qty":"1.38300000","quoteQty":"0.05713587","time":1611660677733,"isBuyerMaker":true,"isBestMatch":true},{"id":221417000,"price":"0.04131300","qty":"0.18000000","quoteQty":"0.00743634","time":1611660677764,"isBuyerMaker":true,"isBestMatch":true},{"id":221417001,"price":"0.04131300","qty":"2.20000000","quoteQty":"0.09088860","time":1611660677776,"isBuyerMaker":true,"isBestMatch":true},{"id":221417002,"price":"0.04131300","qty":"0.16300000","quoteQty":"0.00673401","time":1611660677795,"isBuyerMaker":true,"isBestMatch":true},{"id":221417003,"price":"0.04131300","qty":"0.28000000","quoteQty":"0.01156764","time":1611660677887,"isBuyerMaker":true,"isBestMatch":true},{"id":221417004,"price":"0.04130900","qty":"0.01100000","quoteQty":"0.00045439","time":1611660678255,"isBuyerMaker":true,"isBestMatch":true},{"id":221417005,"price":"0.04131000","qty":"0.13600000","quoteQty":"0.00561816","time":1611660678333,"isBuyerMaker":false,"isBestMatch":true},{"id":221417006,"price":"0.04130900","qty":"2.42000000","quoteQty":"0.09996778","time":1611660678591,"isBuyerMaker":true,"isBestMatch":true},{"id":221417007,"price":"0.04130500","qty":"1.80000000","quoteQty":"0.07434900","time":1611660679083,"isBuyerMaker":false,"isBestMatch":true},{"id":221417008,"price":"0.04130500","qty":"0.77900000","quoteQty":"0.03217659","time":1611660679083,"isBuyerMaker":false,"isBestMatch":true},{"id":221417009,"price":"0.04130500","qty":"0.04900000","quoteQty":"0.00202394","time":1611660681459,"isBuyerMaker":true,"isBestMatch":true},{"id":221417010,"price":"0.04130600","qty":"0.01700000","quoteQty":"0.00070220","time":1611660681972,"isBuyerMaker":false,"isBestMatch":true},{"id":221417011,"price":"0.04130500","qty":"0.03900000","quoteQty":"0.00161089","time":1611660683454,"isBuyerMaker":true,"isBestMatch":true},{"id":221417012,"price":"0.04130600","qty":"0.01500000","quoteQty":"0.00061959","time":1611660683463,"isBuyerMaker":false,"isBestMatch":true},{"id":221417013,"price":"0.04130600","qty":"4.98500000","quoteQty":"0.20591041","time":1611660683463,"isBuyerMaker":false,"isBestMatch":true},{"id":221417014,"price":"0.04131000","qty":"0.17200000","quoteQty":"0.00710532","time":1611660683671,"isBuyerMaker":false,"isBestMatch":true},{"id":221417015,"price":"0.04131400","qty":"0.00300000","quoteQty":"0.00012394","time":1611660684774,"isBuyerMaker":false,"isBestMatch":true},{"id":221417016,"price":"0.04131400","qty":"0.19400000","quoteQty":"0.00801491","time":1611660684774,"isBuyerMaker":false,"isBestMatch":true},{"id":221417017,"price":"0.04131400","qty":"0.26400000","quoteQty":"0.01090689","time":1611660684788,"isBuyerMaker":false,"isBestMatch":true},{"id":221417018,"price":"0.04131400","qty":"0.03200000","quoteQty":"0.00132204","time":1611660685704,"isBuyerMaker":false,"isBestMatch":true},{"id":221417019,"price":"0.04131700","qty":"0.10100000","quoteQty":"0.00417301","time":1611660685831,"isBuyerMaker":true,"isBestMatch":true},{"id":221417020,"price":"0.04131700","qty":"0.45800000","quoteQty":"0.01892318","time":1611660685861,"isBuyerMaker":true,"isBestMatch":true},{"id":221417021,"price":"0.04131500","qty":"0.40300000","quoteQty":"0.01664994","time":1611660686326,"isBuyerMaker":true,"isBestMatch":true},{"id":221417022,"price":"0.04131200","qty":"0.09600000","quoteQty":"0.00396595","time":1611660686752,"isBuyerMaker":true,"isBestMatch":true},{"id":221417023,"price":"0.04131300","qty":"0.05700000","quoteQty":"0.00235484","time":1611660686880,"isBuyerMaker":false,"isBestMatch":true},{"id":221417024,"price":"0.04130800","qty":"0.10700000","quoteQty":"0.00441995","time":1611660687664,"isBuyerMaker":true,"isBestMatch":true},{"id":221417025,"price":"0.04130500","qty":"0.00900000","quoteQty":"0.00037174","time":1611660687664,"isBuyerMaker":true,"isBestMatch":true},{"id":221417026,"price":"0.04129900","qty":"0.31300000","quoteQty":"0.01292658","time":1611660687664,"isBuyerMaker":true,"isBestMatch":true},{"id":221417027,"price":"0.04129800","qty":"1.49500000","quoteQty":"0.06174051","time":1611660687664,"isBuyerMaker":true,"isBestMatch":true},{"id":221417028,"price":"0.04129600","qty":"0.50800000","quoteQty":"0.02097836","time":1611660687664,"isBuyerMaker":true,"isBestMatch":true},{"id":221417029,"price":"0.04129500","qty":"0.78000000","quoteQty":"0.03221010","time":1611660687664,"isBuyerMaker":true,"isBestMatch":true},{"id":221417030,"price":"0.04130300","qty":"0.05400000","quoteQty":"0.00223036","time":1611660687770,"isBuyerMaker":true,"isBestMatch":true},{"id":221417031,"price":"0.04130300","qty":"2.38100000","quoteQty":"0.09834244","time":1611660688044,"isBuyerMaker":true,"isBestMatch":true},{"id":221417032,"price":"0.04130400","qty":"0.04500000","quoteQty":"0.00185868","time":1611660688150,"isBuyerMaker":false,"isBestMatch":true},{"id":221417033,"price":"0.04130300","qty":"1.20100000","quoteQty":"0.04960490","time":1611660688321,"isBuyerMaker":true,"isBestMatch":true},{"id":221417034,"price":"0.04131000","qty":"0.02100000","quoteQty":"0.00086751","time":1611660688490,"isBuyerMaker":true,"isBestMatch":true},{"id":221417035,"price":"0.04131100","qty":"1.80000000","quoteQty":"0.07435980","time":1611660688548,"isBuyerMaker":false,"isBestMatch":true},{"id":221417036,"price":"0.04131100","qty":"0.05600000","quoteQty":"0.00231341","time":1611660688587,"isBuyerMaker":true,"isBestMatch":true},{"id":221417037,"price":"0.04131500","qty":"0.23300000","quoteQty":"0.00962639","time":1611660688823,"isBuyerMaker":false,"isBestMatch":true},{"id":221417038,"price":"0.04131500","qty":"5.62200000","quoteQty":"0.23227293","time":1611660688859,"isBuyerMaker":false,"isBestMatch":true},{"id":221417039,"price":"0.04131700","qty":"0.07400000","quoteQty":"0.00305745","time":1611660688985,"isBuyerMaker":true,"isBestMatch":true},{"id":221417040,"price":"0.04131700","qty":"0.02100000","quoteQty":"0.00086765","time":1611660689711,"isBuyerMaker":true,"isBestMatch":true},{"id":221417041,"price":"0.04131700","qty":"0.10300000","quoteQty":"0.00425565","time":1611660690366,"isBuyerMaker":false,"isBestMatch":true},{"id":221417042,"price":"0.04131600","qty":"0.03900000","quoteQty":"0.00161132","time":1611660690472,"isBuyerMaker":true,"isBestMatch":true},{"id":221417043,"price":"0.04131800","qty":"0.60000000","quoteQty":"0.02479080","time":1611660691648,"isBuyerMaker":false,"isBestMatch":true},{"id":221417044,"price":"0.04131900","qty":"1.65800000","quoteQty":"0.06850690","time":1611660691648,"isBuyerMaker":false,"isBestMatch":true},{"id":221417045,"price":"0.04132000","qty":"1.01400000","quoteQty":"0.04189848","time":1611660691648,"isBuyerMaker":false,"isBestMatch":true},{"id":221417046,"price":"0.04132100","qty":"0.02000000","quoteQty":"0.00082642","time":1611660691648,"isBuyerMaker":false,"isBestMatch":true},{"id":221417047,"price":"0.04132100","qty":"1.03000000","quoteQty":"0.04256063","time":1611660691648,"isBuyerMaker":false,"isBestMatch":true},{"id":221417048,"price":"0.04132200","qty":"0.01700000","quoteQty":"0.00070247","time":1611660691769,"isBuyerMaker":true,"isBestMatch":true},{"id":221417049,"price":"0.04132300","qty":"0.48500000","quoteQty":"0.02004165","time":1611660691812,"isBuyerMaker":true,"isBestMatch":true},{"id":221417050,"price":"0.04132300","qty":"2.42000000","quoteQty":"0.10000166","time":1611660692715,"isBuyerMaker":true,"isBestMatch":true},{"id":221417051,"price":"0.04132300","qty":"0.35200000","quoteQty":"0.01454569","time":1611660692745,"isBuyerMaker":true,"isBestMatch":true},{"id":221417052,"price":"0.04132300","qty":"0.32900000","quoteQty":"0.01359526","time":1611660692783,"isBuyerMaker":true,"isBestMatch":true},{"id":221417053,"price":"0.04132300","qty":"0.01400000","quoteQty":"0.00057852","time":1611660692828,"isBuyerMaker":true,"isBestMatch":true},{"id":221417054,"price":"0.04132200","qty":"0.13500000","quoteQty":"0.00557847","time":1611660692828,"isBuyerMaker":true,"isBestMatch":true},{"id":221417055,"price":"0.04132300","qty":"0.10400000","quoteQty":"0.00429759","time":1611660692929,"isBuyerMaker":false,"isBestMatch":true},{"id":221417056,"price":"0.04131300","qty":"0.77800000","quoteQty":"0.03214151","time":1611660693268,"isBuyerMaker":true,"isBestMatch":true},{"id":221417057,"price":"0.04131500","qty":"0.32900000","quoteQty":"0.01359263","time":1611660693820,"isBuyerMaker":false,"isBestMatch":true},{"id":221417058,"price":"0.04131500","qty":"0.04600000","quoteQty":"0.00190049","time":1611660693965,"isBuyerMaker":false,"isBestMatch":true},{"id":221417059,"price":"0.04131500","qty":"1.10200000","quoteQty":"0.04552913","time":1611660694562,"isBuyerMaker":false,"isBestMatch":true},{"id":221417060,"price":"0.04131800","qty":"0.05900000","quoteQty":"0.00243776","time":1611660694670,"isBuyerMaker":true,"isBestMatch":true},{"id":221417061,"price":"0.04131600","qty":"0.01300000","quoteQty":"0.00053710","time":1611660694826,"isBuyerMaker":true,"isBestMatch":true},{"id":221417062,"price":"0.04131100","qty":"0.04900000","quoteQty":"0.00202423","time":1611660695723,"isBuyerMaker":false,"isBestMatch":true},{"id":221417063,"price":"0.04131100","qty":"0.14900000","quoteQty":"0.00615533","time":1611660695747,"isBuyerMaker":false,"isBestMatch":true},{"id":221417064,"price":"0.04131100","qty":"0.10300000","quoteQty":"0.00425503","time":1611660695902,"isBuyerMaker":false,"isBestMatch":true},{"id":221417065,"price":"0.04131100","qty":"1.49900000","quoteQty":"0.06192518","time":1611660696064,"isBuyerMaker":false,"isBestMatch":true},{"id":221417066,"price":"0.04131100","qty":"0.34800000","quoteQty":"0.01437622","time":1611660696064,"isBuyerMaker":false,"isBestMatch":true},{"id":221417067,"price":"0.04131100","qty":"0.02400000","quoteQty":"0.00099146","time":1611660696275,"isBuyerMaker":false,"isBestMatch":true},{"id":221417068,"price":"0.04131100","qty":"0.05500000","quoteQty":"0.00227210","time":1611660696758,"isBuyerMaker":false,"isBestMatch":true},{"id":221417069,"price":"0.04130900","qty":"0.12500000","quoteQty":"0.00516362","time":1611660698309,"isBuyerMaker":false,"isBestMatch":true},{"id":221417070,"price":"0.04130900","qty":"6.68300000","quoteQty":"0.27606804","time":1611660698609,"isBuyerMaker":false,"isBestMatch":true},{"id":221417071,"price":"0.04131000","qty":"0.06200000","quoteQty":"0.00256122","time":1611660699764,"isBuyerMaker":false,"isBestMatch":true},{"id":221417072,"price":"0.04131200","qty":"0.04500000","quoteQty":"0.00185904","time":1611660700172,"isBuyerMaker":false,"isBestMatch":true},{"id":221417073,"price":"0.04131200","qty":"0.15600000","quoteQty":"0.00644467","time":1611660700184,"isBuyerMaker":false,"isBestMatch":true},{"id":221417074,"price":"0.04131200","qty":"0.32400000","quoteQty":"0.01338508","time":1611660700189,"isBuyerMaker":false,"isBestMatch":true},{"id":221417075,"price":"0.04131100","qty":"0.01400000","quoteQty":"0.00057835","time":1611660700259,"isBuyerMaker":true,"isBestMatch":true},{"id":221417076,"price":"0.04131100","qty":"0.05500000","quoteQty":"0.00227210","time":1611660700481,"isBuyerMaker":true,"isBestMatch":true},{"id":221417077,"price":"0.04131100","qty":"3.53100000","quoteQty":"0.14586914","time":1611660700805,"isBuyerMaker":true,"isBestMatch":true},{"id":221417078,"price":"0.04130900","qty":"1.71900000","quoteQty":"0.07101017","time":1611660700873,"isBuyerMaker":true,"isBestMatch":true},{"id":221417079,"price":"0.04130700","qty":"0.22800000","quoteQty":"0.00941799","time":1611660700907,"isBuyerMaker":true,"isBestMatch":true},{"id":221417080,"price":"0.04130700","qty":"0.01600000","quoteQty":"0.00066091","time":1611660700951,"isBuyerMaker":true,"isBestMatch":true},{"id":221417081,"price":"0.04130600","qty":"0.10100000","quoteQty":"0.00417190","time":1611660701019,"isBuyerMaker":false,"isBestMatch":true},{"id":221417082,"price":"0.04130500","qty":"0.02100000","quoteQty":"0.00086740","time":1611660701218,"isBuyerMaker":false,"isBestMatch":true},{"id":221417083,"price":"0.04130500","qty":"0.46100000","quoteQty":"0.01904160","time":1611660701344,"isBuyerMaker":false,"isBestMatch":true},{"id":221417084,"price":"0.04130500","qty":"0.89900000","quoteQty":"0.03713319","time":1611660701360,"isBuyerMaker":false,"isBestMatch":true},{"id":221417085,"price":"0.04130900","qty":"0.00500000","quoteQty":"0.00020654","time":1611660702140,"isBuyerMaker":true,"isBestMatch":true},{"id":221417086,"price":"0.04130900","qty":"0.04500000","quoteQty":"0.00185890","time":1611660703244,"isBuyerMaker":true,"isBestMatch":true},{"id":221417087,"price":"0.04131000","qty":"1.61200000","quoteQty":"0.06659172","time":1611660703265,"isBuyerMaker":false,"isBestMatch":true},{"id":221417088,"price":"0.04130900","qty":"0.18000000","quoteQty":"0.00743562","time":1611660703452,"isBuyerMaker":true,"isBestMatch":true},{"id":221417089,"price":"0.04130900","qty":"1.00000000","quoteQty":"0.04130900","time":1611660703817,"isBuyerMaker":true,"isBestMatch":true},{"id":221417090,"price":"0.04131000","qty":"6.04100000","quoteQty":"0.24955371","time":1611660705160,"isBuyerMaker":false,"isBestMatch":true},{"id":221417091,"price":"0.04131000","qty":"4.27800000","quoteQty":"0.17672418","time":1611660705185,"isBuyerMaker":false,"isBestMatch":true},{"id":221417092,"price":"0.04130900","qty":"1.99400000","quoteQty":"0.08237014","time":1611660705428,"isBuyerMaker":true,"isBestMatch":true},{"id":221417093,"price":"0.04130900","qty":"0.07500000","quoteQty":"0.00309817","time":1611660705490,"isBuyerMaker":true,"isBestMatch":true},{"id":221417094,"price":"0.04130900","qty":"1.20300000","quoteQty":"0.04969472","time":1611660705490,"isBuyerMaker":true,"isBestMatch":true},{"id":221417095,"price":"0.04130900","qty":"1.26100000","quoteQty":"0.05209064","time":1611660705531,"isBuyerMaker":true,"isBestMatch":true},{"id":221417096,"price":"0.04130900","qty":"0.14000000","quoteQty":"0.00578326","time":1611660705684,"isBuyerMaker":true,"isBestMatch":true},{"id":221417097,"price":"0.04130900","qty":"0.05900000","quoteQty":"0.00243723","time":1611660705733,"isBuyerMaker":true,"isBestMatch":true},{"id":221417098,"price":"0.04130800","qty":"0.02600000","quoteQty":"0.00107400","time":1611660706168,"isBuyerMaker":true,"isBestMatch":true},{"id":221417099,"price":"0.04130800","qty":"0.02900000","quoteQty":"0.00119793","time":1611660706190,"isBuyerMaker":true,"isBestMatch":true},{"id":221417100,"price":"0.04130800","qty":"0.12000000","quoteQty":"0.00495696","time":1611660706688,"isBuyerMaker":true,"isBestMatch":true},{"id":221417101,"price":"0.04130800","qty":"1.21000000","quoteQty":"0.04998268","time":1611660706710,"isBuyerMaker":true,"isBestMatch":true},{"id":221417102,"price":"0.04131000","qty":"0.02100000","quoteQty":"0.00086751","time":1611660707084,"isBuyerMaker":false,"isBestMatch":true},{"id":221417103,"price":"0.04131000","qty":"0.19800000","quoteQty":"0.00817938","time":1611660707162,"isBuyerMaker":false,"isBestMatch":true},{"id":221417104,"price":"0.04130900","qty":"0.01300000","quoteQty":"0.00053701","time":1611660707986,"isBuyerMaker":true,"isBestMatch":true},{"id":221417105,"price":"0.04130900","qty":"1.26300000","quoteQty":"0.05217326","time":1611660708029,"isBuyerMaker":true,"isBestMatch":true},{"id":221417106,"price":"0.04131000","qty":"2.85000000","quoteQty":"0.11773350","time":1611660708823,"isBuyerMaker":false,"isBestMatch":true},{"id":221417107,"price":"0.04131000","qty":"0.60500000","quoteQty":"0.02499255","time":1611660708823,"isBuyerMaker":false,"isBestMatch":true},{"id":221417108,"price":"0.04131000","qty":"0.30300000","quoteQty":"0.01251693","time":1611660708823,"isBuyerMaker":false,"isBestMatch":true},{"id":221417109,"price":"0.04131000","qty":"0.45400000","quoteQty":"0.01875474","time":1611660708823,"isBuyerMaker":false,"isBestMatch":true},{"id":221417110,"price":"0.04131400","qty":"0.02300000","quoteQty":"0.00095022","time":1611660709026,"isBuyerMaker":true,"isBestMatch":true},{"id":221417111,"price":"0.04131400","qty":"1.15800000","quoteQty":"0.04784161","time":1611660709051,"isBuyerMaker":true,"isBestMatch":true},{"id":221417112,"price":"0.04131400","qty":"0.64100000","quoteQty":"0.02648227","time":1611660709091,"isBuyerMaker":true,"isBestMatch":true},{"id":221417113,"price":"0.04130900","qty":"0.23500000","quoteQty":"0.00970761","time":1611660709187,"isBuyerMaker":true,"isBestMatch":true},{"id":221417114,"price":"0.04130600","qty":"0.06500000","quoteQty":"0.00268489","time":1611660709460,"isBuyerMaker":false,"isBestMatch":true},{"id":221417115,"price":"0.04130500","qty":"0.03100000","quoteQty":"0.00128045","time":1611660709711,"isBuyerMaker":true,"isBestMatch":true},{"id":221417116,"price":"0.04129900","qty":"0.02000000","quoteQty":"0.00082598","time":1611660709826,"isBuyerMaker":true,"isBestMatch":true},{"id":221417117,"price":"0.04130300","qty":"0.01600000","quoteQty":"0.00066084","time":1611660710170,"isBuyerMaker":true,"isBestMatch":true},{"id":221417118,"price":"0.04130400","qty":"0.09600000","quoteQty":"0.00396518","time":1611660713135,"isBuyerMaker":true,"isBestMatch":true},{"id":221417119,"price":"0.04129900","qty":"0.16900000","quoteQty":"0.00697953","time":1611660713267,"isBuyerMaker":true,"isBestMatch":true},{"id":221417120,"price":"0.04129900","qty":"0.02400000","quoteQty":"0.00099117","time":1611660713311,"isBuyerMaker":true,"isBestMatch":true},{"id":221417121,"price":"0.04129900","qty":"0.01100000","quoteQty":"0.00045428","time":1611660713353,"isBuyerMaker":true,"isBestMatch":true},{"id":221417122,"price":"0.04129400","qty":"3.60000000","quoteQty":"0.14865840","time":1611660714129,"isBuyerMaker":false,"isBestMatch":true},{"id":221417123,"price":"0.04129500","qty":"1.48700000","quoteQty":"0.06140566","time":1611660714129,"isBuyerMaker":false,"isBestMatch":true},{"id":221417124,"price":"0.04129400","qty":"0.07100000","quoteQty":"0.00293187","time":1611660714431,"isBuyerMaker":true,"isBestMatch":true},{"id":221417125,"price":"0.04129700","qty":"0.69000000","quoteQty":"0.02849493","time":1611660717200,"isBuyerMaker":false,"isBestMatch":true},{"id":221417126,"price":"0.04129800","qty":"0.24300000","quoteQty":"0.01003541","time":1611660717200,"isBuyerMaker":false,"isBestMatch":true},{"id":221417127,"price":"0.04129500","qty":"1.80000000","quoteQty":"0.07433100","time":1611660718888,"isBuyerMaker":true,"isBestMatch":true},{"id":221417128,"price":"0.04129500","qty":"0.22000000","quoteQty":"0.00908490","time":1611660719859,"isBuyerMaker":false,"isBestMatch":true},{"id":221417129,"price":"0.04129400","qty":"0.74700000","quoteQty":"0.03084661","time":1611660720713,"isBuyerMaker":true,"isBestMatch":true},{"id":221417130,"price":"0.04129400","qty":"1.26800000","quoteQty":"0.05236079","time":1611660720747,"isBuyerMaker":true,"isBestMatch":true},{"id":221417131,"price":"0.04129500","qty":"0.09600000","quoteQty":"0.00396432","time":1611660721244,"isBuyerMaker":false,"isBestMatch":true},{"id":221417132,"price":"0.04129400","qty":"0.00300000","quoteQty":"0.00012388","time":1611660721426,"isBuyerMaker":true,"isBestMatch":true},{"id":221417133,"price":"0.04129500","qty":"0.08900000","quoteQty":"0.00367525","time":1611660722064,"isBuyerMaker":false,"isBestMatch":true},{"id":221417134,"price":"0.04129500","qty":"3.60000000","quoteQty":"0.14866200","time":1611660722064,"isBuyerMaker":false,"isBestMatch":true},{"id":221417135,"price":"0.04129500","qty":"1.15400000","quoteQty":"0.04765443","time":1611660722064,"isBuyerMaker":false,"isBestMatch":true},{"id":221417136,"price":"0.04129400","qty":"0.09600000","quoteQty":"0.00396422","time":1611660722234,"isBuyerMaker":true,"isBestMatch":true},{"id":221417137,"price":"0.04129400","qty":"0.36900000","quoteQty":"0.01523748","time":1611660722273,"isBuyerMaker":true,"isBestMatch":true},{"id":221417138,"price":"0.04129300","qty":"0.09600000","quoteQty":"0.00396412","time":1611660722377,"isBuyerMaker":true,"isBestMatch":true},{"id":221417139,"price":"0.04129300","qty":"3.00000000","quoteQty":"0.12387900","time":1611660722574,"isBuyerMaker":true,"isBestMatch":true},{"id":221417140,"price":"0.04129300","qty":"1.90400000","quoteQty":"0.07862187","time":1611660722607,"isBuyerMaker":true,"isBestMatch":true},{"id":221417141,"price":"0.04128900","qty":"0.00500000","quoteQty":"0.00020644","time":1611660723085,"isBuyerMaker":true,"isBestMatch":true},{"id":221417142,"price":"0.04128900","qty":"0.09100000","quoteQty":"0.00375729","time":1611660723085,"isBuyerMaker":true,"isBestMatch":true},{"id":221417143,"price":"0.04128900","qty":"0.16300000","quoteQty":"0.00673010","time":1611660723185,"isBuyerMaker":true,"isBestMatch":true},{"id":221417144,"price":"0.04128900","qty":"2.59000000","quoteQty":"0.10693851","time":1611660723629,"isBuyerMaker":true,"isBestMatch":true},{"id":221417145,"price":"0.04128900","qty":"2.15700000","quoteQty":"0.08906037","time":1611660723629,"isBuyerMaker":true,"isBestMatch":true},{"id":221417146,"price":"0.04129000","qty":"0.60600000","quoteQty":"0.02502174","time":1611660723864,"isBuyerMaker":false,"isBestMatch":true},{"id":221417147,"price":"0.04129000","qty":"0.30300000","quoteQty":"0.01251087","time":1611660723864,"isBuyerMaker":false,"isBestMatch":true},{"id":221417148,"price":"0.04129000","qty":"3.60000000","quoteQty":"0.14864400","time":1611660723864,"isBuyerMaker":false,"isBestMatch":true},{"id":221417149,"price":"0.04129100","qty":"0.01800000","quoteQty":"0.00074323","time":1611660724227,"isBuyerMaker":false,"isBestMatch":true},{"id":221417150,"price":"0.04129200","qty":"0.02700000","quoteQty":"0.00111488","time":1611660724570,"isBuyerMaker":true,"isBestMatch":true},{"id":221417151,"price":"0.04129300","qty":"1.72200000","quoteQty":"0.07110654","time":1611660725979,"isBuyerMaker":false,"isBestMatch":true},{"id":221417152,"price":"0.04129100","qty":"0.22500000","quoteQty":"0.00929047","time":1611660726999,"isBuyerMaker":false,"isBestMatch":true},{"id":221417153,"price":"0.04129500","qty":"0.45400000","quoteQty":"0.01874793","time":1611660727717,"isBuyerMaker":false,"isBestMatch":true},{"id":221417154,"price":"0.04129900","qty":"0.13600000","quoteQty":"0.00561666","time":1611660727717,"isBuyerMaker":false,"isBestMatch":true},{"id":221417155,"price":"0.04129900","qty":"0.09600000","quoteQty":"0.00396470","time":1611660727744,"isBuyerMaker":true,"isBestMatch":true},{"id":221417156,"price":"0.04129700","qty":"0.06200000","quoteQty":"0.00256041","time":1611660727772,"isBuyerMaker":true,"isBestMatch":true},{"id":221417157,"price":"0.04129800","qty":"3.60000000","quoteQty":"0.14867280","time":1611660727827,"isBuyerMaker":true,"isBestMatch":true},{"id":221417158,"price":"0.04129700","qty":"1.01600000","quoteQty":"0.04195775","time":1611660727854,"isBuyerMaker":true,"isBestMatch":true},{"id":221417159,"price":"0.04129700","qty":"0.12600000","quoteQty":"0.00520342","time":1611660728092,"isBuyerMaker":true,"isBestMatch":true},{"id":221417160,"price":"0.04129700","qty":"0.01500000","quoteQty":"0.00061945","time":1611660728191,"isBuyerMaker":true,"isBestMatch":true},{"id":221417161,"price":"0.04129700","qty":"0.04400000","quoteQty":"0.00181706","time":1611660728213,"isBuyerMaker":true,"isBestMatch":true},{"id":221417162,"price":"0.04129800","qty":"2.05300000","quoteQty":"0.08478479","time":1611660728409,"isBuyerMaker":false,"isBestMatch":true},{"id":221417163,"price":"0.04130000","qty":"4.92700000","quoteQty":"0.20348510","time":1611660728409,"isBuyerMaker":false,"isBestMatch":true},{"id":221417164,"price":"0.04130000","qty":"18.89800000","quoteQty":"0.78048740","time":1611660728409,"isBuyerMaker":false,"isBestMatch":true},{"id":221417165,"price":"0.04130100","qty":"13.61000000","quoteQty":"0.56210661","time":1611660728409,"isBuyerMaker":false,"isBestMatch":true},{"id":221417166,"price":"0.04130200","qty":"0.12900000","quoteQty":"0.00532795","time":1611660728495,"isBuyerMaker":false,"isBestMatch":true},{"id":221417167,"price":"0.04130500","qty":"0.01900000","quoteQty":"0.00078479","time":1611660728501,"isBuyerMaker":false,"isBestMatch":true},{"id":221417168,"price":"0.04130900","qty":"0.11900000","quoteQty":"0.00491577","time":1611660728501,"isBuyerMaker":false,"isBestMatch":true},{"id":221417169,"price":"0.04131100","qty":"3.78300000","quoteQty":"0.15627951","time":1611660728514,"isBuyerMaker":false,"isBestMatch":true},{"id":221417170,"price":"0.04131200","qty":"1.00000000","quoteQty":"0.04131200","time":1611660728531,"isBuyerMaker":false,"isBestMatch":true},{"id":221417171,"price":"0.04131400","qty":"0.02000000","quoteQty":"0.00082628","time":1611660728531,"isBuyerMaker":false,"isBestMatch":true},{"id":221417172,"price":"0.04131800","qty":"0.30800000","quoteQty":"0.01272594","time":1611660728573,"isBuyerMaker":true,"isBestMatch":true},{"id":221417173,"price":"0.04131800","qty":"0.01900000","quoteQty":"0.00078504","time":1611660728618,"isBuyerMaker":true,"isBestMatch":true},{"id":221417174,"price":"0.04132000","qty":"0.27300000","quoteQty":"0.01128036","time":1611660729085,"isBuyerMaker":false,"isBestMatch":true},{"id":221417175,"price":"0.04132300","qty":"0.07700000","quoteQty":"0.00318187","time":1611660729130,"isBuyerMaker":true,"isBestMatch":true},{"id":221417176,"price":"0.04132300","qty":"0.15100000","quoteQty":"0.00623977","time":1611660729155,"isBuyerMaker":true,"isBestMatch":true},{"id":221417177,"price":"0.04132400","qty":"0.00400000","quoteQty":"0.00016529","time":1611660729459,"isBuyerMaker":false,"isBestMatch":true},{"id":221417178,"price":"0.04132400","qty":"0.00300000","quoteQty":"0.00012397","time":1611660729459,"isBuyerMaker":false,"isBestMatch":true},{"id":221417179,"price":"0.04132400","qty":"0.12700000","quoteQty":"0.00524814","time":1611660729459,"isBuyerMaker":false,"isBestMatch":true},{"id":221417180,"price":"0.04132400","qty":"1.38800000","quoteQty":"0.05735771","time":1611660729459,"isBuyerMaker":false,"isBestMatch":true},{"id":221417181,"price":"0.04132500","qty":"0.00700000","quoteQty":"0.00028927","time":1611660729487,"isBuyerMaker":false,"isBestMatch":true},{"id":221417182,"price":"0.04132600","qty":"0.02400000","quoteQty":"0.00099182","time":1611660729487,"isBuyerMaker":false,"isBestMatch":true},{"id":221417183,"price":"0.04132700","qty":"0.01800000","quoteQty":"0.00074388","time":1611660729487,"isBuyerMaker":false,"isBestMatch":true},{"id":221417184,"price":"0.04133000","qty":"0.55200000","quoteQty":"0.02281416","time":1611660729487,"isBuyerMaker":false,"isBestMatch":true},{"id":221417185,"price":"0.04133100","qty":"0.38000000","quoteQty":"0.01570578","time":1611660729487,"isBuyerMaker":false,"isBestMatch":true},{"id":221417186,"price":"0.04133200","qty":"0.15000000","quoteQty":"0.00619980","time":1611660729487,"isBuyerMaker":false,"isBestMatch":true},{"id":221417187,"price":"0.04133300","qty":"0.00500000","quoteQty":"0.00020666","time":1611660729487,"isBuyerMaker":false,"isBestMatch":true},{"id":221417188,"price":"0.04133300","qty":"0.10000000","quoteQty":"0.00413330","time":1611660729487,"isBuyerMaker":false,"isBestMatch":true},{"id":221417189,"price":"0.04133300","qty":"0.00600000","quoteQty":"0.00024799","time":1611660729487,"isBuyerMaker":false,"isBestMatch":true},{"id":221417190,"price":"0.04133400","qty":"0.01200000","quoteQty":"0.00049600","time":1611660729487,"isBuyerMaker":false,"isBestMatch":true},{"id":221417191,"price":"0.04133400","qty":"0.47100000","quoteQty":"0.01946831","time":1611660729487,"isBuyerMaker":false,"isBestMatch":true},{"id":221417192,"price":"0.04133500","qty":"2.30000000","quoteQty":"0.09507050","time":1611660729487,"isBuyerMaker":false,"isBestMatch":true},{"id":221417193,"price":"0.04133600","qty":"0.05100000","quoteQty":"0.00210813","time":1611660729487,"isBuyerMaker":false,"isBestMatch":true},{"id":221417194,"price":"0.04133600","qty":"4.53300000","quoteQty":"0.18737608","time":1611660729487,"isBuyerMaker":false,"isBestMatch":true},{"id":221417195,"price":"0.04132800","qty":"0.02100000","quoteQty":"0.00086788","time":1611660729510,"isBuyerMaker":true,"isBestMatch":true},{"id":221417196,"price":"0.04133600","qty":"0.46700000","quoteQty":"0.01930391","time":1611660729568,"isBuyerMaker":false,"isBestMatch":true},{"id":221417197,"price":"0.04133700","qty":"0.00800000","quoteQty":"0.00033069","time":1611660729568,"isBuyerMaker":false,"isBestMatch":true},{"id":221417198,"price":"0.04133800","qty":"0.01200000","quoteQty":"0.00049605","time":1611660729568,"isBuyerMaker":false,"isBestMatch":true},{"id":221417199,"price":"0.04133900","qty":"0.51200000","quoteQty":"0.02116556","time":1611660729568,"isBuyerMaker":false,"isBestMatch":true},{"id":221417200,"price":"0.04133200","qty":"0.72600000","quoteQty":"0.03000703","time":1611660729615,"isBuyerMaker":true,"isBestMatch":true},{"id":221417201,"price":"0.04133200","qty":"0.07500000","quoteQty":"0.00309990","time":1611660729651,"isBuyerMaker":true,"isBestMatch":true},{"id":221417202,"price":"0.04133300","qty":"0.49400000","quoteQty":"0.02041850","time":1611660729694,"isBuyerMaker":true,"isBestMatch":true},{"id":221417203,"price":"0.04133500","qty":"0.55400000","quoteQty":"0.02289959","time":1611660729728,"isBuyerMaker":true,"isBestMatch":true},{"id":221417204,"price":"0.04133500","qty":"0.30800000","quoteQty":"0.01273118","time":1611660729747,"isBuyerMaker":true,"isBestMatch":true},{"id":221417205,"price":"0.04133600","qty":"0.31900000","quoteQty":"0.01318618","time":1611660729771,"isBuyerMaker":true,"isBestMatch":true},{"id":221417206,"price":"0.04133800","qty":"0.72600000","quoteQty":"0.03001138","time":1611660729911,"isBuyerMaker":true,"isBestMatch":true},{"id":221417207,"price":"0.04133800","qty":"0.72600000","quoteQty":"0.03001138","time":1611660729950,"isBuyerMaker":true,"isBestMatch":true},{"id":221417208,"price":"0.04133800","qty":"0.34800000","quoteQty":"0.01438562","time":1611660730215,"isBuyerMaker":true,"isBestMatch":true},{"id":221417209,"price":"0.04133800","qty":"1.00000000","quoteQty":"0.04133800","time":1611660730215,"isBuyerMaker":true,"isBestMatch":true},{"id":221417210,"price":"0.04133800","qty":"2.15200000","quoteQty":"0.08895937","time":1611660730215,"isBuyerMaker":true,"isBestMatch":true},{"id":221417211,"price":"0.04133500","qty":"0.10100000","quoteQty":"0.00417483","time":1611660730694,"isBuyerMaker":true,"isBestMatch":true},{"id":221417212,"price":"0.04133200","qty":"0.27500000","quoteQty":"0.01136630","time":1611660731326,"isBuyerMaker":false,"isBestMatch":true},{"id":221417213,"price":"0.04133600","qty":"0.99900000","quoteQty":"0.04129466","time":1611660731575,"isBuyerMaker":false,"isBestMatch":true},{"id":221417214,"price":"0.04133200","qty":"0.21800000","quoteQty":"0.00901037","time":1611660731750,"isBuyerMaker":true,"isBestMatch":true},{"id":221417215,"price":"0.04133200","qty":"0.28300000","quoteQty":"0.01169695","time":1611660731794,"isBuyerMaker":true,"isBestMatch":true},{"id":221417216,"price":"0.04133500","qty":"0.83700000","quoteQty":"0.03459739","time":1611660732123,"isBuyerMaker":false,"isBestMatch":true},{"id":221417217,"price":"0.04133800","qty":"0.03000000","quoteQty":"0.00124014","time":1611660732418,"isBuyerMaker":false,"isBestMatch":true},{"id":221417218,"price":"0.04133900","qty":"0.06800000","quoteQty":"0.00281105","time":1611660732766,"isBuyerMaker":false,"isBestMatch":true},{"id":221417219,"price":"0.04133900","qty":"0.00500000","quoteQty":"0.00020669","time":1611660732766,"isBuyerMaker":false,"isBestMatch":true},{"id":221417220,"price":"0.04133900","qty":"0.00400000","quoteQty":"0.00016535","time":1611660732766,"isBuyerMaker":false,"isBestMatch":true},{"id":221417221,"price":"0.04133900","qty":"0.04700000","quoteQty":"0.00194293","time":1611660732766,"isBuyerMaker":false,"isBestMatch":true},{"id":221417222,"price":"0.04133900","qty":"0.11900000","quoteQty":"0.00491934","time":1611660732766,"isBuyerMaker":false,"isBestMatch":true},{"id":221417223,"price":"0.04134000","qty":"0.26400000","quoteQty":"0.01091376","time":1611660732883,"isBuyerMaker":false,"isBestMatch":true},{"id":221417224,"price":"0.04134000","qty":"0.26400000","quoteQty":"0.01091376","time":1611660732919,"isBuyerMaker":false,"isBestMatch":true},{"id":221417225,"price":"0.04134000","qty":"0.04300000","quoteQty":"0.00177762","time":1611660733024,"isBuyerMaker":false,"isBestMatch":true},{"id":221417226,"price":"0.04134000","qty":"0.06900000","quoteQty":"0.00285246","time":1611660733144,"isBuyerMaker":false,"isBestMatch":true},{"id":221417227,"price":"0.04134000","qty":"0.36000000","quoteQty":"0.01488240","time":1611660733179,"isBuyerMaker":false,"isBestMatch":true},{"id":221417228,"price":"0.04134000","qty":"0.26600000","quoteQty":"0.01099644","time":1611660733179,"isBuyerMaker":false,"isBestMatch":true},{"id":221417229,"price":"0.04134000","qty":"0.06900000","quoteQty":"0.00285246","time":1611660733221,"isBuyerMaker":false,"isBestMatch":true},{"id":221417230,"price":"0.04134000","qty":"0.56500000","quoteQty":"0.02335710","time":1611660733281,"isBuyerMaker":false,"isBestMatch":true},{"id":221417231,"price":"0.04134000","qty":"1.00000000","quoteQty":"0.04134000","time":1611660733281,"isBuyerMaker":false,"isBestMatch":true},{"id":221417232,"price":"0.04134000","qty":"0.03000000","quoteQty":"0.00124020","time":1611660733508,"isBuyerMaker":true,"isBestMatch":true},{"id":221417233,"price":"0.04134100","qty":"0.03000000","quoteQty":"0.00124023","time":1611660733820,"isBuyerMaker":false,"isBestMatch":true},{"id":221417234,"price":"0.04134100","qty":"0.01000000","quoteQty":"0.00041341","time":1611660733820,"isBuyerMaker":false,"isBestMatch":true},{"id":221417235,"price":"0.04134100","qty":"5.22600000","quoteQty":"0.21604806","time":1611660733820,"isBuyerMaker":false,"isBestMatch":true},{"id":221417236,"price":"0.04134200","qty":"0.32900000","quoteQty":"0.01360151","time":1611660733885,"isBuyerMaker":false,"isBestMatch":true},{"id":221417237,"price":"0.04134100","qty":"0.44400000","quoteQty":"0.01835540","time":1611660733967,"isBuyerMaker":true,"isBestMatch":true},{"id":221417238,"price":"0.04134100","qty":"0.97200000","quoteQty":"0.04018345","time":1611660734170,"isBuyerMaker":true,"isBestMatch":true},{"id":221417239,"price":"0.04134100","qty":"0.31400000","quoteQty":"0.01298107","time":1611660734208,"isBuyerMaker":true,"isBestMatch":true},{"id":221417240,"price":"0.04134300","qty":"0.03000000","quoteQty":"0.00124029","time":1611660734749,"isBuyerMaker":true,"isBestMatch":true},{"id":221417241,"price":"0.04134300","qty":"0.03100000","quoteQty":"0.00128163","time":1611660734782,"isBuyerMaker":true,"isBestMatch":true},{"id":221417242,"price":"0.04134400","qty":"0.00800000","quoteQty":"0.00033075","time":1611660735267,"isBuyerMaker":false,"isBestMatch":true},{"id":221417243,"price":"0.04134400","qty":"0.55000000","quoteQty":"0.02273920","time":1611660735267,"isBuyerMaker":false,"isBestMatch":true},{"id":221417244,"price":"0.04134400","qty":"0.38900000","quoteQty":"0.01608281","time":1611660735267,"isBuyerMaker":false,"isBestMatch":true},{"id":221417245,"price":"0.04134400","qty":"0.81800000","quoteQty":"0.03381939","time":1611660735267,"isBuyerMaker":false,"isBestMatch":true},{"id":221417246,"price":"0.04134400","qty":"0.04000000","quoteQty":"0.00165376","time":1611660735361,"isBuyerMaker":false,"isBestMatch":true},{"id":221417247,"price":"0.04134600","qty":"0.02000000","quoteQty":"0.00082692","time":1611660735545,"isBuyerMaker":false,"isBestMatch":true},{"id":221417248,"price":"0.04134700","qty":"0.01000000","quoteQty":"0.00041347","time":1611660735580,"isBuyerMaker":false,"isBestMatch":true},{"id":221417249,"price":"0.04134600","qty":"0.19400000","quoteQty":"0.00802112","time":1611660735666,"isBuyerMaker":false,"isBestMatch":true},{"id":221417250,"price":"0.04134500","qty":"0.18400000","quoteQty":"0.00760748","time":1611660735708,"isBuyerMaker":true,"isBestMatch":true},{"id":221417251,"price":"0.04134500","qty":"0.07000000","quoteQty":"0.00289415","time":1611660735777,"isBuyerMaker":true,"isBestMatch":true},{"id":221417252,"price":"0.04134500","qty":"0.00900000","quoteQty":"0.00037210","time":1611660735831,"isBuyerMaker":true,"isBestMatch":true},{"id":221417253,"price":"0.04134500","qty":"0.03000000","quoteQty":"0.00124035","time":1611660736326,"isBuyerMaker":false,"isBestMatch":true},{"id":221417254,"price":"0.04134500","qty":"0.19000000","quoteQty":"0.00785555","time":1611660736326,"isBuyerMaker":false,"isBestMatch":true},{"id":221417255,"price":"0.04134400","qty":"3.91100000","quoteQty":"0.16169638","time":1611660736605,"isBuyerMaker":true,"isBestMatch":true},{"id":221417256,"price":"0.04134400","qty":"0.03000000","quoteQty":"0.00124032","time":1611660736801,"isBuyerMaker":true,"isBestMatch":true},{"id":221417257,"price":"0.04134500","qty":"0.18000000","quoteQty":"0.00744210","time":1611660736863,"isBuyerMaker":false,"isBestMatch":true},{"id":221417258,"price":"0.04134400","qty":"0.17900000","quoteQty":"0.00740057","time":1611660736928,"isBuyerMaker":true,"isBestMatch":true},{"id":221417259,"price":"0.04134500","qty":"0.09800000","quoteQty":"0.00405181","time":1611660736982,"isBuyerMaker":false,"isBestMatch":true},{"id":221417260,"price":"0.04134400","qty":"4.83800000","quoteQty":"0.20002227","time":1611660737006,"isBuyerMaker":true,"isBestMatch":true},{"id":221417261,"price":"0.04134400","qty":"4.83800000","quoteQty":"0.20002227","time":1611660737036,"isBuyerMaker":true,"isBestMatch":true},{"id":221417262,"price":"0.04134300","qty":"3.60000000","quoteQty":"0.14883480","time":1611660737659,"isBuyerMaker":false,"isBestMatch":true},{"id":221417263,"price":"0.04134300","qty":"4.40000000","quoteQty":"0.18190920","time":1611660737659,"isBuyerMaker":false,"isBestMatch":true},{"id":221417264,"price":"0.04134000","qty":"0.14700000","quoteQty":"0.00607698","time":1611660737817,"isBuyerMaker":true,"isBestMatch":true},{"id":221417265,"price":"0.04134100","qty":"0.05400000","quoteQty":"0.00223241","time":1611660737825,"isBuyerMaker":false,"isBestMatch":true},{"id":221417266,"price":"0.04133600","qty":"0.04800000","quoteQty":"0.00198412","time":1611660738289,"isBuyerMaker":true,"isBestMatch":true},{"id":221417267,"price":"0.04133700","qty":"0.32700000","quoteQty":"0.01351719","time":1611660738581,"isBuyerMaker":false,"isBestMatch":true},{"id":221417268,"price":"0.04133700","qty":"1.56800000","quoteQty":"0.06481641","time":1611660738622,"isBuyerMaker":false,"isBestMatch":true}