[{"id":203310750,"price":"0.03111200","qty":"0.05900000","quoteQty":"0.00183560","time":1606321452158,"isBuyerMaker":false,"isBestMatch":true},{"id":203310751,"price":"0.03111100","qty":"0.10800000","quoteQty":"0.00335998","time":1606321452212,"isBuyerMaker":false,"isBestMatch":true},{"id":203310752,"price":"0.03111200","qty":"0.51700000","quoteQty":"0.01608490","time":1606321452212,"isBuyerMaker":false,"isBestMatch":true},{"id":203310753,"price":"0.03111200","qty":"0.62500000","quoteQty":"0.01944500","time":1606321452219,"isBuyerMaker":false,"isBestMatch":true},{"id":203310754,"price":"0.03111200","qty":"0.22500000","quoteQty":"0.00700020","time":1606321452222,"isBuyerMaker":false,"isBestMatch":true},{"id":203310755,"price":"0.03111300","qty":"0.15600000","quoteQty":"0.00485362","time":1606321452222,"isBuyerMaker":false,"isBestMatch":true},{"id":203310756,"price":"0.03111600","qty":"0.24400000","quoteQty":"0.00759230","time":1606321452222,"isBuyerMaker":false,"isBestMatch":true},{"id":203310757,"price":"0.03111600","qty":"0.39800000","quoteQty":"0.01238416","time":1606321452222,"isBuyerMaker":false,"isBestMatch":true},{"id":203310758,"price":"0.03111600","qty":"0.13600000","quoteQty":"0.00423177","time":1606321452222,"isBuyerMaker":false,"isBestMatch":true},{"id":203310759,"price":"0.03111700","qty":"0.09100000","quoteQty":"0.00283164","time":1606321452222,"isBuyerMaker":false,"isBestMatch":true},{"id":203310760,"price":"0.03111700","qty":"0.23000000","quoteQty":"0.00715691","time":1606321452222,"isBuyerMaker":false,"isBestMatch":true},{"id":203310761,"price":"0.03111800","qty":"0.07000000","quoteQty":"0.00217826","time":1606321452222,"isBuyerMaker":false,"isBestMatch":true},{"id":203310762,"price":"0.03112000","qty":"0.32500000","quoteQty":"0.01011400","time":1606321452222,"isBuyerMaker":false,"isBestMatch":true},{"id":203310763,"price":"0.03112000","qty":"0.62500000","quoteQty":"0.01945000","time":1606321452222,"isBuyerMaker":false,"isBestMatch":true},{"id":203310764,"price":"0.03111100","qty":"0.10800000","quoteQty":"0.00335998","time":1606321452277,"isBuyerMaker":false,"isBestMatch":true},{"id":203310765,"price":"0.03112000","qty":"0.23300000","quoteQty":"0.00725096","time":1606321452277,"isBuyerMaker":false,"isBestMatch":true},{"id":203310766,"price":"0.03112000","qty":"0.14200000","quoteQty":"0.00441904","time":1606321452290,"isBuyerMaker":false,"isBestMatch":true},{"id":203310767,"price":"0.03111600","qty":"0.17600000","quoteQty":"0.00547641","time":1606321452950,"isBuyerMaker":false,"isBestMatch":true},{"id":203310768,"price":"0.03111700","qty":"1.32200000","quoteQty":"0.04113667","time":1606321452950,"isBuyerMaker":false,"isBestMatch":true},{"id":203310769,"price":"0.03110100","qty":"1.00000000","quoteQty":"0.03110100","time":1606321453399,"isBuyerMaker":true,"isBestMatch":true},{"id":203310770,"price":"0.03110300","qty":"0.24400000","quoteQty":"0.00758913","time":1606321453576,"isBuyerMaker":true,"isBestMatch":true},{"id":203310771,"price":"0.03110300","qty":"7.51100000","quoteQty":"0.23361463","time":1606321453585,"isBuyerMaker":true,"isBestMatch":true},{"id":203310772,"price":"0.03109700","qty":"1.00000000","quoteQty":"0.03109700","time":1606321453585,"isBuyerMaker":true,"isBestMatch":true},{"id":203310773,"price":"0.03109400","qty":"12.50000000","quoteQty":"0.38867500","time":1606321453585,"isBuyerMaker":true,"isBestMatch":true},{"id":203310774,"price":"0.03109300","qty":"7.66300000","quoteQty":"0.23826565","time":1606321453585,"isBuyerMaker":true,"isBestMatch":true},{"id":203310775,"price":"0.03109100","qty":"4.00000000","quoteQty":"0.12436400","time":1606321453585,"isBuyerMaker":true,"isBestMatch":true},{"id":203310776,"price":"0.03109000","qty":"1.84600000","quoteQty":"0.05739214","time":1606321453585,"isBuyerMaker":true,"isBestMatch":true},{"id":203310777,"price":"0.03110800","qty":"1.81200000","quoteQty":"0.05636769","time":1606321453609,"isBuyerMaker":true,"isBestMatch":true},{"id":203310778,"price":"0.03110800","qty":"0.18800000","quoteQty":"0.00584830","time":1606321453612,"isBuyerMaker":true,"isBestMatch":true},{"id":203310779,"price":"0.03108600","qty":"1.73400000","quoteQty":"0.05390312","time":1606321454413,"isBuyerMaker":true,"isBestMatch":true},{"id":203310780,"price":"0.03110000","qty":"0.01300000","quoteQty":"0.00040430","time":1606321454947,"isBuyerMaker":false,"isBestMatch":true},{"id":203310781,"price":"0.03109800","qty":"1.79600000","quoteQty":"0.05585200","time":1606321455100,"isBuyerMaker":true,"isBestMatch":true},{"id":203310782,"price":"0.03109900","qty":"1.07200000","quoteQty":"0.03333812","time":1606321455285,"isBuyerMaker":true,"isBestMatch":true},{"id":203310783,"price":"0.03109800","qty":"0.20400000","quoteQty":"0.00634399","time":1606321455441,"isBuyerMaker":true,"isBestMatch":true},{"id":203310784,"price":"0.03109300","qty":"0.01300000","quoteQty":"0.00040420","time":1606321455548,"isBuyerMaker":true,"isBestMatch":true},{"id":203310785,"price":"0.03109400","qty":"0.15000000","quoteQty":"0.00466410","time":1606321455766,"isBuyerMaker":true,"isBestMatch":true},{"id":203310786,"price":"0.03108800","qty":"0.02400000","quoteQty":"0.00074611","time":1606321456058,"isBuyerMaker":true,"isBestMatch":true},{"id":203310787,"price":"0.03109100","qty":"0.10300000","quoteQty":"0.00320237","time":1606321456723,"isBuyerMaker":false,"isBestMatch":true},{"id":203310788,"price":"0.03109400","qty":"0.09600000","quoteQty":"0.00298502","time":1606321457287,"isBuyerMaker":false,"isBestMatch":true},{"id":203310789,"price":"0.03109200","qty":"0.03200000","quoteQty":"0.00099494","time":1606321457747,"isBuyerMaker":true,"isBestMatch":true},{"id":203310790,"price":"0.03109000","qty":"0.10200000","quoteQty":"0.00317118","time":1606321457941,"isBuyerMaker":true,"isBestMatch":true},{"id":203310791,"price":"0.03109000","qty":"0.29200000","quoteQty":"0.00907828","time":1606321457941,"isBuyerMaker":true,"isBestMatch":true},{"id":203310792,"price":"0.03109000","qty":"0.38000000","quoteQty":"0.01181420","time":1606321457941,"isBuyerMaker":true,"isBestMatch":true},{"id":203310793,"price":"0.03108900","qty":"1.19500000","quoteQty":"0.03715135","time":1606321458328,"isBuyerMaker":false,"isBestMatch":true},{"id":203310794,"price":"0.03108800","qty":"0.01300000","quoteQty":"0.00040414","time":1606321458370,"isBuyerMaker":true,"isBestMatch":true},{"id":203310795,"price":"0.03109000","qty":"0.22200000","quoteQty":"0.00690198","time":1606321458657,"isBuyerMaker":true,"isBestMatch":true},{"id":203310796,"price":"0.03109400","qty":"0.05100000","quoteQty":"0.00158579","time":1606321459160,"isBuyerMaker":false,"isBestMatch":true},{"id":203310797,"price":"0.03109400","qty":"0.01500000","quoteQty":"0.00046641","time":1606321459160,"isBuyerMaker":false,"isBestMatch":true},{"id":203310798,"price":"0.03109500","qty":"0.05700000","quoteQty":"0.00177241","time":1606321459160,"isBuyerMaker":false,"isBestMatch":true},{"id":203310799,"price":"0.03109500","qty":"0.12000000","quoteQty":"0.00373140","time":1606321459359,"isBuyerMaker":false,"isBestMatch":true},{"id":203310800,"price":"0.03110600","qty":"0.00400000","quoteQty":"0.00012442","time":1606321459677,"isBuyerMaker":false,"isBestMatch":true},{"id":203310801,"price":"0.03110600","qty":"0.10200000","quoteQty":"0.00317281","time":1606321459723,"isBuyerMaker":false,"isBestMatch":true},{"id":203310802,"price":"0.03110600","qty":"6.00000000","quoteQty":"0.18663600","time":1606321460842,"isBuyerMaker":true,"isBestMatch":true},{"id":203310803,"price":"0.03110100","qty":"0.42700000","quoteQty":"0.01328012","time":1606321463130,"isBuyerMaker":true,"isBestMatch":true},{"id":203310804,"price":"0.03110500","qty":"0.28400000","quoteQty":"0.00883382","time":1606321463637,"isBuyerMaker":false,"isBestMatch":true},{"id":203310805,"price":"0.03110700","qty":"0.01200000","quoteQty":"0.00037328","time":1606321463967,"isBuyerMaker":true,"isBestMatch":true},{"id":203310806,"price":"0.03110600","qty":"2.98800000","quoteQty":"0.09294472","time":1606321464765,"isBuyerMaker":true,"isBestMatch":true},{"id":203310807,"price":"0.03110200","qty":"0.74500000","quoteQty":"0.02317099","time":1606321465530,"isBuyerMaker":false,"isBestMatch":true},{"id":203310808,"price":"0.03110100","qty":"0.01200000","quoteQty":"0.00037321","time":1606321465734,"isBuyerMaker":true,"isBestMatch":true},{"id":203310809,"price":"0.03110100","qty":"0.13100000","quoteQty":"0.00407423","time":1606321465772,"isBuyerMaker":true,"isBestMatch":true},{"id":203310810,"price":"0.03109300","qty":"0.08000000","quoteQty":"0.00248744","time":1606321466031,"isBuyerMaker":true,"isBestMatch":true},{"id":203310811,"price":"0.03109600","qty":"0.03300000","quoteQty":"0.00102616","time":1606321466237,"isBuyerMaker":false,"isBestMatch":true},{"id":203310812,"price":"0.03109500","qty":"0.13700000","quoteQty":"0.00426001","time":1606321466346,"isBuyerMaker":false,"isBestMatch":true},{"id":203310813,"price":"0.03109400","qty":"5.39200000","quoteQty":"0.16765884","time":1606321467989,"isBuyerMaker":false,"isBestMatch":true},{"id":203310814,"price":"0.03109600","qty":"3.00000000","quoteQty":"0.09328800","time":1606321468106,"isBuyerMaker":false,"isBestMatch":true},{"id":203310815,"price":"0.03110400","qty":"0.05200000","quoteQty":"0.00161740","time":1606321474745,"isBuyerMaker":true,"isBestMatch":true},{"id":203310816,"price":"0.03110400","qty":"0.18300000","quoteQty":"0.00569203","time":1606321474927,"isBuyerMaker":true,"isBestMatch":true},{"id":203310817,"price":"0.03110400","qty":"1.13600000","quoteQty":"0.03533414","time":1606321474931,"isBuyerMaker":true,"isBestMatch":true},{"id":203310818,"price":"0.03110400","qty":"3.12900000","quoteQty":"0.09732441","time":1606321475242,"isBuyerMaker":true,"isBestMatch":true},{"id":203310819,"price":"0.03110400","qty":"1.50000000","quoteQty":"0.04665600","time":1606321475882,"isBuyerMaker":true,"isBestMatch":true},{"id":203310820,"price":"0.03110700","qty":"0.02700000","quoteQty":"0.00083988","time":1606321476736,"isBuyerMaker":true,"isBestMatch":true},{"id":203310821,"price":"0.03110800","qty":"1.12500000","quoteQty":"0.03499650","time":1606321479723,"isBuyerMaker":false,"isBestMatch":true},{"id":203310822,"price":"0.03110800","qty":"0.49900000","quoteQty":"0.01552289","time":1606321479829,"isBuyerMaker":false,"isBestMatch":true},{"id":203310823,"price":"0.03110800","qty":"0.37600000","quoteQty":"0.01169660","time":1606321479932,"isBuyerMaker":false,"isBestMatch":true},{"id":203310824,"price":"0.03111500","qty":"0.04700000","quoteQty":"0.00146240","time":1606321480574,"isBuyerMaker":true,"isBestMatch":true},{"id":203310825,"price":"0.03111500","qty":"0.17200000","quoteQty":"0.00535178","time":1606321480574,"isBuyerMaker":true,"isBestMatch":true},{"id":203310826,"price":"0.03111500","qty":"0.13700000","quoteQty":"0.00426275","time":1606321480580,"isBuyerMaker":true,"isBestMatch":true},{"id":203310827,"price":"0.03110900","qty":"0.10800000","quoteQty":"0.00335977","time":1606321481410,"isBuyerMaker":true,"isBestMatch":true},{"id":203310828,"price":"0.03110500","qty":"3.16400000","quoteQty":"0.09841622","time":1606321482366,"isBuyerMaker":false,"isBestMatch":true},{"id":203310829,"price":"0.03110300","qty":"0.55500000","quoteQty":"0.01726216","time":1606321482609,"isBuyerMaker":false,"isBestMatch":true},{"id":203310830,"price":"0.03110300","qty":"0.12800000","quoteQty":"0.00398118","time":1606321482693,"isBuyerMaker":false,"isBestMatch":true},{"id":203310831,"price":"0.03110500","qty":"0.41300000","quoteQty":"0.01284636","time":1606321484080,"isBuyerMaker":true,"isBestMatch":true},{"id":203310832,"price":"0.03110900","qty":"0.17100000","quoteQty":"0.00531963","time":1606321484466,"isBuyerMaker":false,"isBestMatch":true},{"id":203310833,"price":"0.03111200","qty":"0.12000000","quoteQty":"0.00373344","time":1606321485403,"isBuyerMaker":false,"isBestMatch":true},{"id":203310834,"price":"0.03111300","qty":"0.03700000","quoteQty":"0.00115118","time":1606321486401,"isBuyerMaker":false,"isBestMatch":true},{"id":203310835,"price":"0.03111800","qty":"1.11700000","quoteQty":"0.03475880","time":1606321486901,"isBuyerMaker":false,"isBestMatch":true},{"id":203310836,"price":"0.03111200","qty":"0.01700000","quoteQty":"0.00052890","time":1606321488548,"isBuyerMaker":true,"isBestMatch":true},{"id":203310837,"price":"0.03111200","qty":"1.50300000","quoteQty":"0.04676133","time":1606321489047,"isBuyerMaker":false,"isBestMatch":true},{"id":203310838,"price":"0.03111100","qty":"1.67300000","quoteQty":"0.05204870","time":1606321489196,"isBuyerMaker":true,"isBestMatch":true},{"id":203310839,"price":"0.03111100","qty":"2.03900000","quoteQty":"0.06343532","time":1606321489213,"isBuyerMaker":true,"isBestMatch":true},{"id":203310840,"price":"0.03110900","qty":"0.16700000","quoteQty":"0.00519520","time":1606321489226,"isBuyerMaker":true,"isBestMatch":true},{"id":203310841,"price":"0.03110800","qty":"1.54100000","quoteQty":"0.04793742","time":1606321489226,"isBuyerMaker":true,"isBestMatch":true},{"id":203310842,"price":"0.03110800","qty":"0.09600000","quoteQty":"0.00298636","time":1606321490167,"isBuyerMaker":true,"isBestMatch":true},{"id":203310843,"price":"0.03110800","qty":"0.08600000","quoteQty":"0.00267528","time":1606321490401,"isBuyerMaker":true,"isBestMatch":true},{"id":203310844,"price":"0.03110700","qty":"0.00400000","quoteQty":"0.00012442","time":1606321490401,"isBuyerMaker":true,"isBestMatch":true},{"id":203310845,"price":"0.03110300","qty":"0.39800000","quoteQty":"0.01237899","time":1606321490401,"isBuyerMaker":true,"isBestMatch":true},{"id":203310846,"price":"0.03110800","qty":"0.45400000","quoteQty":"0.01412303","time":1606321490426,"isBuyerMaker":false,"isBestMatch":true},{"id":203310847,"price":"0.03110500","qty":"3.00000000","quoteQty":"0.09331500","time":1606321490739,"isBuyerMaker":false,"isBestMatch":true},{"id":203310848,"price":"0.03110500","qty":"2.57200000","quoteQty":"0.08000206","time":1606321490739,"isBuyerMaker":false,"isBestMatch":true},{"id":203310849,"price":"0.03110300","qty":"0.05800000","quoteQty":"0.00180397","time":1606321490777,"isBuyerMaker":true,"isBestMatch":true},{"id":203310850,"price":"0.03111100","qty":"0.14300000","quoteQty":"0.00444887","time":1606321493051,"isBuyerMaker":false,"isBestMatch":true},{"id":203310851,"price":"0.03111800","qty":"0.88300000","quoteQty":"0.02747719","time":1606321493784,"isBuyerMaker":false,"isBestMatch":true},{"id":203310852,"price":"0.03112000","qty":"0.42700000","quoteQty":"0.01328824","time":1606321493883,"isBuyerMaker":false,"isBestMatch":true},{"id":203310853,"price":"0.03112000","qty":"0.20900000","quoteQty":"0.00650408","time":1606321493883,"isBuyerMaker":false,"isBestMatch":true},{"id":203310854,"price":"0.03112000","qty":"0.00700000","quoteQty":"0.00021784","time":1606321493883,"isBuyerMaker":false,"isBestMatch":true},{"id":203310855,"price":"0.03112000","qty":"0.00400000","quoteQty":"0.00012448","time":1606321493883,"isBuyerMaker":false,"isBestMatch":true},{"id":203310856,"price":"0.03112500","qty":"1.50300000","quoteQty":"0.04678087","time":1606321494046,"isBuyerMaker":true,"isBestMatch":true},{"id":203310857,"price":"0.03112600","qty":"0.27600000","quoteQty":"0.00859077","time":1606321494712,"isBuyerMaker":false,"isBestMatch":true},{"id":203310858,"price":"0.03112600","qty":"5.00000000","quoteQty":"0.15563000","time":1606321494930,"isBuyerMaker":false,"isBestMatch":true},{"id":203310859,"price":"0.03112500","qty":"5.81200000","quoteQty":"0.18089850","time":1606321495417,"isBuyerMaker":true,"isBestMatch":true},{"id":203310860,"price":"0.03112500","qty":"0.18800000","quoteQty":"0.00585150","time":1606321495480,"isBuyerMaker":true,"isBestMatch":true},{"id":203310861,"price":"0.03112200","qty":"3.00000000","quoteQty":"0.09336600","time":1606321495788,"isBuyerMaker":true,"isBestMatch":true},{"id":203310862,"price":"0.03111200","qty":"0.00400000","quoteQty":"0.00012444","time":1606321496107,"isBuyerMaker":true,"isBestMatch":true},{"id":203310863,"price":"0.03111800","qty":"2.38100000","quoteQty":"0.07409195","time":1606321496840,"isBuyerMaker":false,"isBestMatch":true},{"id":203310864,"price":"0.03111800","qty":"1.35200000","quoteQty":"0.04207153","time":1606321496952,"isBuyerMaker":false,"isBestMatch":true},{"id":203310865,"price":"0.03111700","qty":"0.07000000","quoteQty":"0.00217819","time":1606321498052,"isBuyerMaker":true,"isBestMatch":true},{"id":203310866,"price":"0.03111700","qty":"0.69600000","quoteQty":"0.02165743","time":1606321498052,"isBuyerMaker":true,"isBestMatch":true},{"id":203310867,"price":"0.03111800","qty":"1.61200000","quoteQty":"0.05016221","time":1606321498090,"isBuyerMaker":false,"isBestMatch":true},{"id":203310868,"price":"0.03111800","qty":"6.42100000","quoteQty":"0.19980867","time":1606321498190,"isBuyerMaker":false,"isBestMatch":true},{"id":203310869,"price":"0.03111800","qty":"3.14100000","quoteQty":"0.09774163","time":1606321498399,"isBuyerMaker":false,"isBestMatch":true},{"id":203310870,"price":"0.03111800","qty":"16.00400000","quoteQty":"0.49801247","time":1606321499132,"isBuyerMaker":false,"isBestMatch":true},{"id":203310871,"price":"0.03112100","qty":"0.01300000","quoteQty":"0.00040457","time":1606321499568,"isBuyerMaker":false,"isBestMatch":true},{"id":203310872,"price":"0.03112000","qty":"0.03200000","quoteQty":"0.00099584","time":1606321501019,"isBuyerMaker":true,"isBestMatch":true},{"id":203310873,"price":"0.03112500","qty":"1.00300000","quoteQty":"0.03121837","time":1606321501481,"isBuyerMaker":false,"isBestMatch":true},{"id":203310874,"price":"0.03112300","qty":"0.00400000","quoteQty":"0.00012449","time":1606321502452,"isBuyerMaker":true,"isBestMatch":true},{"id":203310875,"price":"0.03112400","qty":"0.10700000","quoteQty":"0.00333026","time":1606321502692,"isBuyerMaker":false,"isBestMatch":true},{"id":203310876,"price":"0.03112400","qty":"0.09200000","quoteQty":"0.00286340","time":1606321502692,"isBuyerMaker":false,"isBestMatch":true},{"id":203310877,"price":"0.03112300","qty":"0.13100000","quoteQty":"0.00407711","time":1606321502757,"isBuyerMaker":true,"isBestMatch":true},{"id":203310878,"price":"0.03112400","qty":"2.47600000","quoteQty":"0.07706302","time":1606321502812,"isBuyerMaker":false,"isBestMatch":true},{"id":203310879,"price":"0.03112400","qty":"3.64300000","quoteQty":"0.11338473","time":1606321502812,"isBuyerMaker":false,"isBestMatch":true},{"id":203310880,"price":"0.03112300","qty":"1.55400000","quoteQty":"0.04836514","time":1606321503059,"isBuyerMaker":true,"isBestMatch":true},{"id":203310881,"price":"0.03112300","qty":"0.29200000","quoteQty":"0.00908791","time":1606321503365,"isBuyerMaker":false,"isBestMatch":true},{"id":203310882,"price":"0.03112200","qty":"0.08300000","quoteQty":"0.00258312","time":1606321503554,"isBuyerMaker":true,"isBestMatch":true},{"id":203310883,"price":"0.03112200","qty":"0.08300000","quoteQty":"0.00258312","time":1606321503703,"isBuyerMaker":true,"isBestMatch":true},{"id":203310884,"price":"0.03112200","qty":"0.06800000","quoteQty":"0.00211629","time":1606321503841,"isBuyerMaker":true,"isBestMatch":true},{"id":203310885,"price":"0.03112300","qty":"0.01400000","quoteQty":"0.00043572","time":1606321503910,"isBuyerMaker":false,"isBestMatch":true},{"id":203310886,"price":"0.03112300","qty":"7.50000000","quoteQty":"0.23342250","time":1606321504591,"isBuyerMaker":false,"isBestMatch":true},{"id":203310887,"price":"0.03112300","qty":"5.00000000","quoteQty":"0.15561500","time":1606321504689,"isBuyerMaker":false,"isBestMatch":true},{"id":203310888,"price":"0.03112300","qty":"3.29800000","quoteQty":"0.10264365","time":1606321504801,"isBuyerMaker":false,"isBestMatch":true},{"id":203310889,"price":"0.03112200","qty":"0.95400000","quoteQty":"0.02969038","time":1606321506383,"isBuyerMaker":true,"isBestMatch":true},{"id":203310890,"price":"0.03112300","qty":"1.41800000","quoteQty":"0.04413241","time":1606321506860,"isBuyerMaker":false,"isBestMatch":true},{"id":203310891,"price":"0.03112300","qty":"4.93900000","quoteQty":"0.15371649","time":1606321507390,"isBuyerMaker":false,"isBestMatch":true},{"id":203310892,"price":"0.03112300","qty":"4.00000000","quoteQty":"0.12449200","time":1606321507478,"isBuyerMaker":false,"isBestMatch":true},{"id":203310893,"price":"0.03112300","qty":"2.33600000","quoteQty":"0.07270332","time":1606321507490,"isBuyerMaker":false,"isBestMatch":true},{"id":203310894,"price":"0.03112600","qty":"0.45600000","quoteQty":"0.01419345","time":1606321507548,"isBuyerMaker":false,"isBestMatch":true},{"id":203310895,"price":"0.03112800","qty":"2.00000000","quoteQty":"0.06225600","time":1606321507608,"isBuyerMaker":false,"isBestMatch":true},{"id":203310896,"price":"0.03112900","qty":"0.00600000","quoteQty":"0.00018677","time":1606321507636,"isBuyerMaker":false,"isBestMatch":true},{"id":203310897,"price":"0.03113000","qty":"0.01300000","quoteQty":"0.00040469","time":1606321507664,"isBuyerMaker":false,"isBestMatch":true},{"id":203310898,"price":"0.03113100","qty":"0.53300000","quoteQty":"0.01659282","time":1606321507695,"isBuyerMaker":false,"isBestMatch":true},{"id":203310899,"price":"0.03113400","qty":"0.12900000","quoteQty":"0.00401628","time":1606321507994,"isBuyerMaker":false,"isBestMatch":true},{"id":203310900,"price":"0.03113700","qty":"0.00400000","quoteQty":"0.00012454","time":1606321508089,"isBuyerMaker":false,"isBestMatch":true},{"id":203310901,"price":"0.03113800","qty":"0.48900000","quoteQty":"0.01522648","time":1606321508089,"isBuyerMaker":false,"isBestMatch":true},{"id":203310902,"price":"0.03113800","qty":"1.51100000","quoteQty":"0.04704951","time":1606321508105,"isBuyerMaker":false,"isBestMatch":true},{"id":203310903,"price":"0.03113800","qty":"0.00400000","quoteQty":"0.00012455","time":1606321508105,"isBuyerMaker":false,"isBestMatch":true},{"id":203310904,"price":"0.03113800","qty":"1.00000000","quoteQty":"0.03113800","time":1606321508105,"isBuyerMaker":false,"isBestMatch":true},{"id":203310905,"price":"0.03114000","qty":"0.00700000","quoteQty":"0.00021798","time":1606321508207,"isBuyerMaker":false,"isBestMatch":true},{"id":203310906,"price":"0.03114000","qty":"0.05000000","quoteQty":"0.00155700","time":1606321508207,"isBuyerMaker":false,"isBestMatch":true},{"id":203310907,"price":"0.03114000","qty":"0.14300000","quoteQty":"0.00445302","time":1606321508207,"isBuyerMaker":false,"isBestMatch":true},{"id":203310908,"price":"0.03114200","qty":"0.20000000","quoteQty":"0.00622840","time":1606321508221,"isBuyerMaker":false,"isBestMatch":true},{"id":203310909,"price":"0.03114200","qty":"0.09500000","quoteQty":"0.00295849","time":1606321508221,"isBuyerMaker":false,"isBestMatch":true},{"id":203310910,"price":"0.03114300","qty":"0.23000000","quoteQty":"0.00716289","time":1606321508290,"isBuyerMaker":false,"isBestMatch":true},{"id":203310911,"price":"0.03114200","qty":"0.00800000","quoteQty":"0.00024913","time":1606321508375,"isBuyerMaker":true,"isBestMatch":true},{"id":203310912,"price":"0.03114300","qty":"0.01100000","quoteQty":"0.00034257","time":1606321508483,"isBuyerMaker":true,"isBestMatch":true},{"id":203310913,"price":"0.03114300","qty":"0.01100000","quoteQty":"0.00034257","time":1606321508598,"isBuyerMaker":true,"isBestMatch":true},{"id":203310914,"price":"0.03114300","qty":"0.01100000","quoteQty":"0.00034257","time":1606321508614,"isBuyerMaker":true,"isBestMatch":true},{"id":203310915,"price":"0.03114300","qty":"0.01100000","quoteQty":"0.00034257","time":1606321508646,"isBuyerMaker":true,"isBestMatch":true},{"id":203310916,"price":"0.03114300","qty":"0.01100000","quoteQty":"0.00034257","time":1606321508690,"isBuyerMaker":true,"isBestMatch":true},{"id":203310917,"price":"0.03114300","qty":"0.01100000","quoteQty":"0.00034257","time":1606321508769,"isBuyerMaker":true,"isBestMatch":true},{"id":203310918,"price":"0.03114300","qty":"0.01100000","quoteQty":"0.00034257","time":1606321508833,"isBuyerMaker":true,"isBestMatch":true},{"id":203310919,"price":"0.03113700","qty":"0.01100000","quoteQty":"0.00034250","time":1606321508856,"isBuyerMaker":true,"isBestMatch":true},{"id":203310920,"price":"0.03114000","qty":"0.01100000","quoteQty":"0.00034254","time":1606321508881,"isBuyerMaker":true,"isBestMatch":true},{"id":203310921,"price":"0.03114000","qty":"0.01000000","quoteQty":"0.00031140","time":1606321508916,"isBuyerMaker":true,"isBestMatch":true},{"id":203310922,"price":"0.03114000","qty":"0.01100000","quoteQty":"0.00034254","time":1606321508929,"isBuyerMaker":true,"isBestMatch":true},{"id":203310923,"price":"0.03114100","qty":"1.49900000","quoteQty":"0.04668035","time":1606321509098,"isBuyerMaker":false,"isBestMatch":true},{"id":203310924,"price":"0.03114000","qty":"0.21400000","quoteQty":"0.00666396","time":1606321509277,"isBuyerMaker":true,"isBestMatch":true},{"id":203310925,"price":"0.03113700","qty":"0.28500000","quoteQty":"0.00887404","time":1606321509277,"isBuyerMaker":true,"isBestMatch":true},{"id":203310926,"price":"0.03113900","qty":"1.07000000","quoteQty":"0.03331873","time":1606321510909,"isBuyerMaker":true,"isBestMatch":true},{"id":203310927,"price":"0.03113900","qty":"1.45300000","quoteQty":"0.04524496","time":1606321510984,"isBuyerMaker":true,"isBestMatch":true},{"id":203310928,"price":"0.03114000","qty":"0.01100000","quoteQty":"0.00034254","time":1606321511021,"isBuyerMaker":false,"isBestMatch":true},{"id":203310929,"price":"0.03114400","qty":"0.01900000","quoteQty":"0.00059173","time":1606321511021,"isBuyerMaker":false,"isBestMatch":true},{"id":203310930,"price":"0.03114700","qty":"0.70200000","quoteQty":"0.02186519","time":1606321511021,"isBuyerMaker":false,"isBestMatch":true},{"id":203310931,"price":"0.03114800","qty":"2.00000000","quoteQty":"0.06229600","time":1606321511021,"isBuyerMaker":false,"isBestMatch":true},{"id":203310932,"price":"0.03114900","qty":"0.09500000","quoteQty":"0.00295915","time":1606321511021,"isBuyerMaker":false,"isBestMatch":true},{"id":203310933,"price":"0.03114900","qty":"0.01100000","quoteQty":"0.00034263","time":1606321511021,"isBuyerMaker":false,"isBestMatch":true},{"id":203310934,"price":"0.03114900","qty":"0.00600000","quoteQty":"0.00018689","time":1606321511021,"isBuyerMaker":false,"isBestMatch":true},{"id":203310935,"price":"0.03114900","qty":"0.01100000","quoteQty":"0.00034263","time":1606321511021,"isBuyerMaker":false,"isBestMatch":true},{"id":203310936,"price":"0.03115000","qty":"0.01200000","quoteQty":"0.00037380","time":1606321511021,"isBuyerMaker":false,"isBestMatch":true},{"id":203310937,"price":"0.03115000","qty":"0.01700000","quoteQty":"0.00052955","time":1606321511021,"isBuyerMaker":false,"isBestMatch":true},{"id":203310938,"price":"0.03115000","qty":"0.01400000","quoteQty":"0.00043610","time":1606321511021,"isBuyerMaker":false,"isBestMatch":true},{"id":203310939,"price":"0.03115000","qty":"0.06500000","quoteQty":"0.00202475","time":1606321511021,"isBuyerMaker":false,"isBestMatch":true},{"id":203310940,"price":"0.03115000","qty":"0.00400000","quoteQty":"0.00012460","time":1606321511021,"isBuyerMaker":false,"isBestMatch":true},{"id":203310941,"price":"0.03115000","qty":"0.08000000","quoteQty":"0.00249200","time":1606321511021,"isBuyerMaker":false,"isBestMatch":true},{"id":203310942,"price":"0.03115000","qty":"0.05600000","quoteQty":"0.00174440","time":1606321511021,"isBuyerMaker":false,"isBestMatch":true},{"id":203310943,"price":"0.03115000","qty":"1.04600000","quoteQty":"0.03258290","time":1606321511021,"isBuyerMaker":false,"isBestMatch":true},{"id":203310944,"price":"0.03115100","qty":"0.09800000","quoteQty":"0.00305279","time":1606321511021,"isBuyerMaker":false,"isBestMatch":true},{"id":203310945,"price":"0.03115200","qty":"0.30000000","quoteQty":"0.00934560","time":1606321511021,"isBuyerMaker":false,"isBestMatch":true},{"id":203310946,"price":"0.03115300","qty":"1.56900000","quoteQty":"0.04887905","time":1606321511021,"isBuyerMaker":false,"isBestMatch":true},{"id":203310947,"price":"0.03115200","qty":"1.49900000","quoteQty":"0.04669684","time":1606321511106,"isBuyerMaker":false,"isBestMatch":true},{"id":203310948,"price":"0.03115200","qty":"0.29000000","quoteQty":"0.00903408","time":1606321511572,"isBuyerMaker":false,"isBestMatch":true},{"id":203310949,"price":"0.03114900","qty":"0.01300000","quoteQty":"0.00040493","time":1606321511575,"isBuyerMaker":true,"isBestMatch":true},{"id":203310950,"price":"0.03115100","qty":"0.01400000","quoteQty":"0.00043611","time":1606321511769,"isBuyerMaker":true,"isBestMatch":true},{"id":203310951,"price":"0.03115100","qty":"0.04700000","quoteQty":"0.00146409","time":1606321511798,"isBuyerMaker":true,"isBestMatch":true},{"id":203310952,"price":"0.03115200","qty":"0.01300000","quoteQty":"0.00040497","time":1606321512119,"isBuyerMaker":false,"isBestMatch":true},{"id":203310953,"price":"0.03115100","qty":"2.79300000","quoteQty":"0.08700474","time":1606321512211,"isBuyerMaker":true,"isBestMatch":true},{"id":203310954,"price":"0.03115200","qty":"0.98000000","quoteQty":"0.03052896","time":1606321512733,"isBuyerMaker":false,"isBestMatch":true},{"id":203310955,"price":"0.03115200","qty":"1.00000000","quoteQty":"0.03115200","time":1606321512733,"isBuyerMaker":false,"isBestMatch":true},{"id":203310956,"price":"0.03115200","qty":"0.17800000","quoteQty":"0.00554505","time":1606321512733,"isBuyerMaker":false,"isBestMatch":true},{"id":203310957,"price":"0.03115400","qty":"0.00500000","quoteQty":"0.00015577","time":1606321512733,"isBuyerMaker":false,"isBestMatch":true},{"id":203310958,"price":"0.03115400","qty":"0.01800000","quoteQty":"0.00056077","time":1606321512733,"isBuyerMaker":false,"isBestMatch":true},{"id":203310959,"price":"0.03115400","qty":"0.00500000","quoteQty":"0.00015577","time":1606321512733,"isBuyerMaker":false,"isBestMatch":true},{"id":203310960,"price":"0.03115500","qty":"0.05000000","quoteQty":"0.00155775","time":1606321512733,"isBuyerMaker":false,"isBestMatch":true},{"id":203310961,"price":"0.03115500","qty":"0.00400000","quoteQty":"0.00012462","time":1606321512733,"isBuyerMaker":false,"isBestMatch":true},{"id":203310962,"price":"0.03115500","qty":"0.03500000","quoteQty":"0.00109042","time":1606321512733,"isBuyerMaker":false,"isBestMatch":true},{"id":203310963,"price":"0.03115500","qty":"5.72500000","quoteQty":"0.17836237","time":1606321512733,"isBuyerMaker":false,"isBestMatch":true},{"id":203310964,"price":"0.03115100","qty":"8.00000000","quoteQty":"0.24920800","time":1606321512775,"isBuyerMaker":true,"isBestMatch":true},{"id":203310965,"price":"0.03115500","qty":"1.49900000","quoteQty":"0.04670134","time":1606321513110,"isBuyerMaker":false,"isBestMatch":true},{"id":203310966,"price":"0.03115400","qty":"0.09500000","quoteQty":"0.00295963","time":1606321513340,"isBuyerMaker":false,"isBestMatch":true},{"id":203310967,"price":"0.03115500","qty":"1.72800000","quoteQty":"0.05383584","time":1606321513340,"isBuyerMaker":false,"isBestMatch":true},{"id":203310968,"price":"0.03115500","qty":"1.35300000","quoteQty":"0.04215271","time":1606321513475,"isBuyerMaker":false,"isBestMatch":true},{"id":203310969,"price":"0.03115500","qty":"0.28400000","quoteQty":"0.00884802","time":1606321513576,"isBuyerMaker":false,"isBestMatch":true},{"id":203310970,"price":"0.03115500","qty":"1.80600000","quoteQty":"0.05626593","time":1606321513635,"isBuyerMaker":false,"isBestMatch":true},{"id":203310971,"price":"0.03115500","qty":"16.04400000","quoteQty":"0.49985082","time":1606321513744,"isBuyerMaker":false,"isBestMatch":true},{"id":203310972,"price":"0.03115500","qty":"0.00400000","quoteQty":"0.00012462","time":1606321514216,"isBuyerMaker":false,"isBestMatch":true},{"id":203310973,"price":"0.03115400","qty":"0.01700000","quoteQty":"0.00052961","time":1606321514401,"isBuyerMaker":true,"isBestMatch":true},{"id":203310974,"price":"0.03115500","qty":"9.62500000","quoteQty":"0.29986687","time":1606321514405,"isBuyerMaker":false,"isBestMatch":true},{"id":203310975,"price":"0.03115500","qty":"5.53700000","quoteQty":"0.17250523","time":1606321514489,"isBuyerMaker":false,"isBestMatch":true},{"id":203310976,"price":"0.03115500","qty":"8.50000000","quoteQty":"0.26481750","time":1606321514590,"isBuyerMaker":false,"isBestMatch":true},{"id":203310977,"price":"0.03115500","qty":"51.48900000","quoteQty":"1.60413979","time":1606321514600,"isBuyerMaker":false,"isBestMatch":true},{"id":203310978,"price":"0.03115600","qty":"0.05000000","quoteQty":"0.00155780","time":1606321514625,"isBuyerMaker":false,"isBestMatch":true},{"id":203310979,"price":"0.03115600","qty":"0.02600000","quoteQty":"0.00081005","time":1606321514625,"isBuyerMaker":false,"isBestMatch":true},{"id":203310980,"price":"0.03115700","qty":"0.01800000","quoteQty":"0.00056082","time":1606321514656,"isBuyerMaker":false,"isBestMatch":true},{"id":203310981,"price":"0.03115600","qty":"0.35100000","quoteQty":"0.01093575","time":1606321514670,"isBuyerMaker":true,"isBestMatch":true},{"id":203310982,"price":"0.03115800","qty":"2.00000000","quoteQty":"0.06231600","time":1606321514706,"isBuyerMaker":false,"isBestMatch":true},{"id":203310983,"price":"0.03115800","qty":"0.00600000","quoteQty":"0.00018694","time":1606321514706,"isBuyerMaker":false,"isBestMatch":true},{"id":203310984,"price":"0.03115800","qty":"0.17000000","quoteQty":"0.00529686","time":1606321514706,"isBuyerMaker":false,"isBestMatch":true},{"id":203310985,"price":"0.03115800","qty":"0.03000000","quoteQty":"0.00093474","time":1606321514706,"isBuyerMaker":false,"isBestMatch":true},{"id":203310986,"price":"0.03115800","qty":"0.04100000","quoteQty":"0.00127747","time":1606321514706,"isBuyerMaker":false,"isBestMatch":true},{"id":203310987,"price":"0.03115900","qty":"0.02900000","quoteQty":"0.00090361","time":1606321514740,"isBuyerMaker":false,"isBestMatch":true},{"id":203310988,"price":"0.03116000","qty":"0.00500000","quoteQty":"0.00015580","time":1606321514756,"isBuyerMaker":false,"isBestMatch":true},{"id":203310989,"price":"0.03116200","qty":"2.66700000","quoteQty":"0.08310905","time":1606321514824,"isBuyerMaker":false,"isBestMatch":true},{"id":203310990,"price":"0.03116200","qty":"0.16000000","quoteQty":"0.00498592","time":1606321514838,"isBuyerMaker":false,"isBestMatch":true},{"id":203310991,"price":"0.03116200","qty":"2.09400000","quoteQty":"0.06525322","time":1606321514852,"isBuyerMaker":false,"isBestMatch":true},{"id":203310992,"price":"0.03116200","qty":"5.07900000","quoteQty":"0.15827179","time":1606321514870,"isBuyerMaker":false,"isBestMatch":true},{"id":203310993,"price":"0.03116200","qty":"0.09500000","quoteQty":"0.00296039","time":1606321514870,"isBuyerMaker":false,"isBestMatch":true},{"id":203310994,"price":"0.03116500","qty":"0.06400000","quoteQty":"0.00199456","time":1606321515118,"isBuyerMaker":false,"isBestMatch":true},{"id":203310995,"price":"0.03116500","qty":"0.06400000","quoteQty":"0.00199456","time":1606321515118,"isBuyerMaker":false,"isBestMatch":true},{"id":203310996,"price":"0.03116700","qty":"0.02400000","quoteQty":"0.00074800","time":1606321515118,"isBuyerMaker":false,"isBestMatch":true},{"id":203310997,"price":"0.03116700","qty":"0.01000000","quoteQty":"0.00031167","time":1606321515118,"isBuyerMaker":false,"isBestMatch":true},{"id":203310998,"price":"0.03116700","qty":"0.10000000","quoteQty":"0.00311670","time":1606321515118,"isBuyerMaker":false,"isBestMatch":true},{"id":203310999,"price":"0.03116700","qty":"0.00900000","quoteQty":"0.00028050","time":1606321515118,"isBuyerMaker":false,"isBestMatch":true},{"id":203311000,"price":"0.03116700","qty":"0.01800000","quoteQty":"0.00056100","time":1606321515118,"isBuyerMaker":false,"isBestMatch":true},{"id":203311001,"price":"0.03116800","qty":"0.24400000","quoteQty":"0.00760499","time":1606321515118,"isBuyerMaker":false,"isBestMatch":true},{"id":203311002,"price":"0.03116600","qty":"0.16000000","quoteQty":"0.00498656","time":1606321515144,"isBuyerMaker":false,"isBestMatch":true},{"id":203311003,"price":"0.03116500","qty":"0.04000000","quoteQty":"0.00124660","time":1606321515174,"isBuyerMaker":true,"isBestMatch":true},{"id":203311004,"price":"0.03116500","qty":"0.04400000","quoteQty":"0.00137126","time":1606321515176,"isBuyerMaker":true,"isBestMatch":true},{"id":203311005,"price":"0.03116500","qty":"0.04700000","quoteQty":"0.00146475","time":1606321515205,"isBuyerMaker":true,"isBestMatch":true},{"id":203311006,"price":"0.03116500","qty":"0.12900000","quoteQty":"0.00402028","time":1606321515257,"isBuyerMaker":true,"isBestMatch":true},{"id":203311007,"price":"0.03116400","qty":"0.14600000","quoteQty":"0.00454994","time":1606321515435,"isBuyerMaker":true,"isBestMatch":true},{"id":203311008,"price":"0.03116300","qty":"0.25800000","quoteQty":"0.00804005","time":1606321515435,"isBuyerMaker":true,"isBestMatch":true},{"id":203311009,"price":"0.03116400","qty":"10.64000000","quoteQty":"0.33158496","time":1606321515737,"isBuyerMaker":true,"isBestMatch":true},{"id":203311010,"price":"0.03116400","qty":"0.74100000","quoteQty":"0.02309252","time":1606321516012,"isBuyerMaker":true,"isBestMatch":true},{"id":203311011,"price":"0.03116500","qty":"0.00400000","quoteQty":"0.00012466","time":1606321516110,"isBuyerMaker":false,"isBestMatch":true},{"id":203311012,"price":"0.03116400","qty":"0.04800000","quoteQty":"0.00149587","time":1606321516238,"isBuyerMaker":true,"isBestMatch":true},{"id":203311013,"price":"0.03116400","qty":"0.01600000","quoteQty":"0.00049862","time":1606321516482,"isBuyerMaker":true,"isBestMatch":true},{"id":203311014,"price":"0.03116400","qty":"0.69600000","quoteQty":"0.02169014","time":1606321516644,"isBuyerMaker":true,"isBestMatch":true},{"id":203311015,"price":"0.03116400","qty":"0.30900000","quoteQty":"0.00962967","time":1606321516722,"isBuyerMaker":true,"isBestMatch":true},{"id":203311016,"price":"0.03116400","qty":"7.55000000","quoteQty":"0.23528820","time":1606321516856,"isBuyerMaker":true,"isBestMatch":true},{"id":203311017,"price":"0.03116400","qty":"7.55000000","quoteQty":"0.23528820","time":1606321516859,"isBuyerMaker":true,"isBestMatch":true},{"id":203311018,"price":"0.03116400","qty":"5.02000000","quoteQty":"0.15644328","time":1606321516950,"isBuyerMaker":true,"isBestMatch":true},{"id":203311019,"price":"0.03116400","qty":"0.03900000","quoteQty":"0.00121539","time":1606321517189,"isBuyerMaker":true,"isBestMatch":true},{"id":203311020,"price":"0.03116400","qty":"0.29000000","quoteQty":"0.00903756","time":1606321517257,"isBuyerMaker":true,"isBestMatch":true},{"id":203311021,"price":"0.03116400","qty":"3.00000000","quoteQty":"0.09349200","time":1606321517257,"isBuyerMaker":true,"isBestMatch":true},{"id":203311022,"price":"0.03116100","qty":"0.23300000","quoteQty":"0.00726051","time":1606321517257,"isBuyerMaker":true,"isBestMatch":true},{"id":203311023,"price":"0.03115900","qty":"1.26400000","quoteQty":"0.03938497","time":1606321517257,"isBuyerMaker":true,"isBestMatch":true},{"id":203311024,"price":"0.03115900","qty":"0.31300000","quoteQty":"0.00975276","time":1606321517257,"isBuyerMaker":true,"isBestMatch":true},{"id":203311025,"price":"0.03116300","qty":"0.00400000","quoteQty":"0.00012465","time":1606321517581,"isBuyerMaker":false,"isBestMatch":true},{"id":203311026,"price":"0.03116100","qty":"0.30900000","quoteQty":"0.00962874","time":1606321517816,"isBuyerMaker":true,"isBestMatch":true},{"id":203311027,"price":"0.03116100","qty":"0.06700000","quoteQty":"0.00208778","time":1606321518112,"isBuyerMaker":true,"isBestMatch":true},{"id":203311028,"price":"0.03116100","qty":"0.01300000","quoteQty":"0.00040509","time":1606321518300,"isBuyerMaker":true,"isBestMatch":true},{"id":203311029,"price":"0.03116100","qty":"0.01700000","quoteQty":"0.00052973","time":1606321518379,"isBuyerMaker":true,"isBestMatch":true},{"id":203311030,"price":"0.03116100","qty":"1.16700000","quoteQty":"0.03636488","time":1606321518540,"isBuyerMaker":true,"isBestMatch":true},{"id":203311031,"price":"0.03115300","qty":"0.28300000","quoteQty":"0.00881629","time":1606321518540,"isBuyerMaker":true,"isBestMatch":true},{"id":203311032,"price":"0.03115300","qty":"1.16700000","quoteQty":"0.03635555","time":1606321518599,"isBuyerMaker":true,"isBestMatch":true},{"id":203311033,"price":"0.03115400","qty":"0.81200000","quoteQty":"0.02529704","time":1606321518747,"isBuyerMaker":true,"isBestMatch":true},{"id":203311034,"price":"0.03115600","qty":"0.01200000","quoteQty":"0.00037387","time":1606321518917,"isBuyerMaker":true,"isBestMatch":true},{"id":203311035,"price":"0.03116200","qty":"6.11200000","quoteQty":"0.19046214","time":1606321519229,"isBuyerMaker":false,"isBestMatch":true},{"id":203311036,"price":"0.03115700","qty":"0.00400000","quoteQty":"0.00012462","time":1606321519656,"isBuyerMaker":true,"isBestMatch":true},{"id":203311037,"price":"0.03116200","qty":"0.29100000","quoteQty":"0.00906814","time":1606321519780,"isBuyerMaker":false,"isBestMatch":true},{"id":203311038,"price":"0.03115700","qty":"0.17400000","quoteQty":"0.00542131","time":1606321519804,"isBuyerMaker":true,"isBestMatch":true},{"id":203311039,"price":"0.03115600","qty":"0.00600000","quoteQty":"0.00018693","time":1606321520135,"isBuyerMaker":true,"isBestMatch":true},{"id":203311040,"price":"0.03115400","qty":"0.01400000","quoteQty":"0.00043615","time":1606321520326,"isBuyerMaker":false,"isBestMatch":true},{"id":203311041,"price":"0.03115300","qty":"0.20900000","quoteQty":"0.00651097","time":1606321520477,"isBuyerMaker":false,"isBestMatch":true},{"id":203311042,"price":"0.03115100","qty":"0.06600000","quoteQty":"0.00205596","time":1606321520734,"isBuyerMaker":true,"isBestMatch":true},{"id":203311043,"price":"0.03114900","qty":"0.06500000","quoteQty":"0.00202468","time":1606321520734,"isBuyerMaker":true,"isBestMatch":true},{"id":203311044,"price":"0.03114800","qty":"2.00000000","quoteQty":"0.06229600","time":1606321520846,"isBuyerMaker":true,"isBestMatch":true},{"id":203311045,"price":"0.03114800","qty":"0.15300000","quoteQty":"0.00476564","time":1606321520846,"isBuyerMaker":true,"isBestMatch":true},{"id":203311046,"price":"0.03114000","qty":"0.41400000","quoteQty":"0.01289196","time":1606321520846,"isBuyerMaker":true,"isBestMatch":true},{"id":203311047,"price":"0.03114900","qty":"6.00000000","quoteQty":"0.18689400","time":1606321521102,"isBuyerMaker":false,"isBestMatch":true},{"id":203311048,"price":"0.03115400","qty":"0.06200000","quoteQty":"0.00193154","time":1606321521923,"isBuyerMaker":true,"isBestMatch":true},{"id":203311049,"price":"0.03115400","qty":"2.93800000","quoteQty":"0.09153045","time":1606321523044,"isBuyerMaker":true,"isBestMatch":true},{"id":203311050,"price":"0.03115400","qty":"3.48900000","quoteQty":"0.10869630","time":1606321523044,"isBuyerMaker":true,"isBestMatch":true},{"id":203311051,"price":"0.03115400","qty":"0.12900000","quoteQty":"0.00401886","time":1606321523637,"isBuyerMaker":true,"isBestMatch":true},{"id":203311052,"price":"0.03115400","qty":"0.50000000","quoteQty":"0.01557700","time":1606321523788,"isBuyerMaker":true,"isBestMatch":true},{"id":203311053,"price":"0.03115400","qty":"0.09500000","quoteQty":"0.00295963","time":1606321523789,"isBuyerMaker":true,"isBestMatch":true},{"id":203311054,"price":"0.03115400","qty":"0.25900000","quoteQty":"0.00806888","time":1606321523790,"isBuyerMaker":true,"isBestMatch":true},{"id":203311055,"price":"0.03115400","qty":"0.19100000","quoteQty":"0.00595041","time":1606321523855,"isBuyerMaker":false,"isBestMatch":true},{"id":203311056,"price":"0.03115500","qty":"0.70000000","quoteQty":"0.02180850","time":1606321523855,"isBuyerMaker":false,"isBestMatch":true},{"id":203311057,"price":"0.03115500","qty":"0.09600000","quoteQty":"0.00299088","time":1606321523855,"isBuyerMaker":false,"isBestMatch":true},{"id":203311058,"price":"0.03115500","qty":"3.39100000","quoteQty":"0.10564660","time":1606321523855,"isBuyerMaker":false,"isBestMatch":true},{"id":203311059,"price":"0.03114800","qty":"0.33500000","quoteQty":"0.01043458","time":1606321524108,"isBuyerMaker":true,"isBestMatch":true},{"id":203311060,"price":"0.03115100","qty":"0.03900000","quoteQty":"0.00121488","time":1606321524839,"isBuyerMaker":true,"isBestMatch":true},{"id":203311061,"price":"0.03115300","qty":"0.03900000","quoteQty":"0.00121496","time":1606321524865,"isBuyerMaker":false,"isBestMatch":true},{"id":203311062,"price":"0.03115300","qty":"1.56600000","quoteQty":"0.04878559","time":1606321524985,"isBuyerMaker":false,"isBestMatch":true},{"id":203311063,"price":"0.03115500","qty":"0.27100000","quoteQty":"0.00844300","time":1606321525041,"isBuyerMaker":false,"isBestMatch":true},{"id":203311064,"price":"0.03115800","qty":"2.00000000","quoteQty":"0.06231600","time":1606321525193,"isBuyerMaker":false,"isBestMatch":true},{"id":203311065,"price":"0.03116100","qty":"0.19600000","quoteQty":"0.00610755","time":1606321525363,"isBuyerMaker":true,"isBestMatch":true},{"id":203311066,"price":"0.03116500","qty":"0.27600000","quoteQty":"0.00860154","time":1606321525657,"isBuyerMaker":true,"isBestMatch":true},{"id":203311067,"price":"0.03116600","qty":"0.69600000","quoteQty":"0.02169153","time":1606321525924,"isBuyerMaker":true,"isBestMatch":true},{"id":203311068,"price":"0.03116600","qty":"0.08300000","quoteQty":"0.00258677","time":1606321526035,"isBuyerMaker":true,"isBestMatch":true},{"id":203311069,"price":"0.03116200","qty":"0.04800000","quoteQty":"0.00149577","time":1606321526155,"isBuyerMaker":true,"isBestMatch":true},{"id":203311070,"price":"0.03116700","qty":"0.28500000","quoteQty":"0.00888259","time":1606321526155,"isBuyerMaker":false,"isBestMatch":true},{"id":203311071,"price":"0.03116700","qty":"24.00000000","quoteQty":"0.74800800","time":1606321526155,"isBuyerMaker":false,"isBestMatch":true},{"id":203311072,"price":"0.03116800","qty":"0.85300000","quoteQty":"0.02658630","time":1606321526341,"isBuyerMaker":false,"isBestMatch":true},{"id":203311073,"price":"0.03116800","qty":"0.90300000","quoteQty":"0.02814470","time":1606321526360,"isBuyerMaker":false,"isBestMatch":true},{"id":203311074,"price":"0.03116800","qty":"0.00700000","quoteQty":"0.00021817","time":1606321526360,"isBuyerMaker":false,"isBestMatch":true},{"id":203311075,"price":"0.03116800","qty":"1.90300000","quoteQty":"0.05931270","time":1606321526360,"isBuyerMaker":false,"isBestMatch":true},{"id":203311076,"price":"0.03116800","qty":"0.29200000","quoteQty":"0.00910105","time":1606321526360,"isBuyerMaker":false,"isBestMatch":true},{"id":203311077,"price":"0.03116800","qty":"3.92000000","quoteQty":"0.12217856","time":1606321526360,"isBuyerMaker":false,"isBestMatch":true},{"id":203311078,"price":"0.03116800","qty":"0.32100000","quoteQty":"0.01000492","time":1606321526378,"isBuyerMaker":false,"isBestMatch":true},{"id":203311079,"price":"0.03116800","qty":"1.17500000","quoteQty":"0.03662240","time":1606321526378,"isBuyerMaker":false,"isBestMatch":true},{"id":203311080,"price":"0.03116800","qty":"0.99600000","quoteQty":"0.03104332","time":1606321526378,"isBuyerMaker":false,"isBestMatch":true},{"id":203311081,"price":"0.03116800","qty":"0.56200000","quoteQty":"0.01751641","time":1606321526415,"isBuyerMaker":true,"isBestMatch":true},{"id":203311082,"price":"0.03116900","qty":"0.07600000","quoteQty":"0.00236884","time":1606321526458,"isBuyerMaker":false,"isBestMatch":true},{"id":203311083,"price":"0.03116900","qty":"0.00400000","quoteQty":"0.00012467","time":1606321526468,"isBuyerMaker":false,"isBestMatch":true},{"id":203311084,"price":"0.03116900","qty":"0.04300000","quoteQty":"0.00134026","time":1606321526468,"isBuyerMaker":false,"isBestMatch":true},{"id":203311085,"price":"0.03116900","qty":"0.06600000","quoteQty":"0.00205715","time":1606321526468,"isBuyerMaker":false,"isBestMatch":true},{"id":203311086,"price":"0.03117000","qty":"0.05300000","quoteQty":"0.00165201","time":1606321526542,"isBuyerMaker":false,"isBestMatch":true},{"id":203311087,"price":"0.03117000","qty":"0.50000000","quoteQty":"0.01558500","time":1606321526542,"isBuyerMaker":false,"isBestMatch":true},{"id":203311088,"price":"0.03117000","qty":"0.00400000","quoteQty":"0.00012468","time":1606321526542,"isBuyerMaker":false,"isBestMatch":true},{"id":203311089,"price":"0.03117000","qty":"0.04800000","quoteQty":"0.00149616","time":1606321526542,"isBuyerMaker":false,"isBestMatch":true},{"id":203311090,"price":"0.03117000","qty":"0.12600000","quoteQty":"0.00392742","time":1606321526542,"isBuyerMaker":false,"isBestMatch":true},{"id":203311091,"price":"0.03117100","qty":"0.00400000","quoteQty":"0.00012468","time":1606321526646,"isBuyerMaker":false,"isBestMatch":true},{"id":203311092,"price":"0.03117100","qty":"0.03800000","quoteQty":"0.00118449","time":1606321526646,"isBuyerMaker":false,"isBestMatch":true},{"id":203311093,"price":"0.03117100","qty":"0.01800000","quoteQty":"0.00056107","time":1606321526646,"isBuyerMaker":false,"isBestMatch":true},{"id":203311094,"price":"0.03117200","qty":"0.00500000","quoteQty":"0.00015586","time":1606321526654,"isBuyerMaker":false,"isBestMatch":true},{"id":203311095,"price":"0.03117300","qty":"0.10000000","quoteQty":"0.00311730","time":1606321526667,"isBuyerMaker":false,"isBestMatch":true},{"id":203311096,"price":"0.03117400","qty":"0.01900000","quoteQty":"0.00059230","time":1606321526691,"isBuyerMaker":false,"isBestMatch":true},{"id":203311097,"price":"0.03117400","qty":"0.01100000","quoteQty":"0.00034291","time":1606321526691,"isBuyerMaker":false,"isBestMatch":true},{"id":203311098,"price":"0.03117400","qty":"0.07100000","quoteQty":"0.00221335","time":1606321526691,"isBuyerMaker":false,"isBestMatch":true},{"id":203311099,"price":"0.03117400","qty":"7.73100000","quoteQty":"0.24100619","time":1606321526728,"isBuyerMaker":false,"isBestMatch":true},{"id":203311100,"price":"0.03116900","qty":"0.07600000","quoteQty":"0.00236884","time":1606321527155,"isBuyerMaker":true,"isBestMatch":true},{"id":203311101,"price":"0.03116800","qty":"0.01100000","quoteQty":"0.00034284","time":1606321527155,"isBuyerMaker":true,"isBestMatch":true},{"id":203311102,"price":"0.03117100","qty":"0.28000000","quoteQty":"0.00872788","time":1606321527441,"isBuyerMaker":false,"isBestMatch":true},{"id":203311103,"price":"0.03117200","qty":"4.00000000","quoteQty":"0.12468800","time":1606321527441,"isBuyerMaker":false,"isBestMatch":true},{"id":203311104,"price":"0.03117300","qty":"1.83100000","quoteQty":"0.05707776","time":1606321527441,"isBuyerMaker":false,"isBestMatch":true},{"id":203311105,"price":"0.03115900","qty":"0.59100000","quoteQty":"0.01841496","time":1606321527773,"isBuyerMaker":true,"isBestMatch":true},{"id":203311106,"price":"0.03115900","qty":"0.66800000","quoteQty":"0.02081421","time":1606321527797,"isBuyerMaker":true,"isBestMatch":true},{"id":203311107,"price":"0.03116300","qty":"0.21300000","quoteQty":"0.00663771","time":1606321528000,"isBuyerMaker":false,"isBestMatch":true},{"id":203311108,"price":"0.03117000","qty":"0.07700000","quoteQty":"0.00240009","time":1606321528000,"isBuyerMaker":false,"isBestMatch":true},{"id":203311109,"price":"0.03116100","qty":"0.47500000","quoteQty":"0.01480147","time":1606321528441,"isBuyerMaker":true,"isBestMatch":true},{"id":203311110,"price":"0.03116900","qty":"0.01400000","quoteQty":"0.00043636","time":1606321528557,"isBuyerMaker":false,"isBestMatch":true},{"id":203311111,"price":"0.03116400","qty":"0.04500000","quoteQty":"0.00140238","time":1606321529784,"isBuyerMaker":true,"isBestMatch":true},{"id":203311112,"price":"0.03116600","qty":"0.04200000","quoteQty":"0.00130897","time":1606321529955,"isBuyerMaker":true,"isBestMatch":true},{"id":203311113,"price":"0.03116600","qty":"0.01700000","quoteQty":"0.00052982","time":1606321530411,"isBuyerMaker":true,"isBestMatch":true},{"id":203311114,"price":"0.03116300","qty":"0.10400000","quoteQty":"0.00324095","time":1606321530688,"isBuyerMaker":true,"isBestMatch":true},{"id":203311115,"price":"0.03115800","qty":"0.96000000","quoteQty":"0.02991168","time":1606321530688,"isBuyerMaker":true,"isBestMatch":true},{"id":203311116,"price":"0.03116400","qty":"0.03800000","quoteQty":"0.00118423","time":1606321530910,"isBuyerMaker":true,"isBestMatch":true},{"id":203311117,"price":"0.03116400","qty":"0.02900000","quoteQty":"0.00090375","time":1606321530910,"isBuyerMaker":true,"isBestMatch":true},{"id":203311118,"price":"0.03115800","qty":"1.04000000","quoteQty":"0.03240432","time":1606321531816,"isBuyerMaker":true,"isBestMatch":true},{"id":203311119,"price":"0.03115100","qty":"1.91200000","quoteQty":"0.05956071","time":1606321531816,"isBuyerMaker":true,"isBestMatch":true},{"id":203311120,"price":"0.03115000","qty":"10.00000000","quoteQty":"0.31150000","time":1606321532265,"isBuyerMaker":true,"isBestMatch":true},{"id":203311121,"price":"0.03115400","qty":"0.87700000","quoteQty":"0.02732205","time":1606321532331,"isBuyerMaker":false,"isBestMatch":true},{"id":203311122,"price":"0.03116100","qty":"0.16100000","quoteQty":"0.00501692","time":1606321532949,"isBuyerMaker":false,"isBestMatch":true},{"id":203311123,"price":"0.03116300","qty":"0.10300000","quoteQty":"0.00320978","time":1606321532949,"isBuyerMaker":false,"isBestMatch":true},{"id":203311124,"price":"0.03116300","qty":"0.05900000","quoteQty":"0.00183861","time":1606321532949,"isBuyerMaker":false,"isBestMatch":true},{"id":203311125,"price":"0.03116800","qty":"0.10000000","quoteQty":"0.00311680","time":1606321532949,"isBuyerMaker":false,"isBestMatch":true},{"id":203311126,"price":"0.03116800","qty":"0.12400000","quoteQty":"0.00386483","time":1606321532959,"isBuyerMaker":false,"isBestMatch":true},{"id":203311127,"price":"0.03116000","qty":"0.01300000","quoteQty":"0.00040508","time":1606321533443,"isBuyerMaker":true,"isBestMatch":true},{"id":203311128,"price":"0.03116600","qty":"1.00000000","quoteQty":"0.03116600","time":1606321533648,"isBuyerMaker":false,"isBestMatch":true},{"id":203311129,"price":"0.03116200","qty":"0.09800000","quoteQty":"0.00305387","time":1606321534281,"isBuyerMaker":true,"isBestMatch":true},{"id":203311130,"price":"0.03116200","qty":"1.88600000","quoteQty":"0.05877153","time":1606321534281,"isBuyerMaker":true,"isBestMatch":true},{"id":203311131,"price":"0.03116300","qty":"0.11800000","quoteQty":"0.00367723","time":1606321534373,"isBuyerMaker":true,"isBestMatch":true},{"id":203311132,"price":"0.03116300","qty":"0.20100000","quoteQty":"0.00626376","time":1606321534373,"isBuyerMaker":true,"isBestMatch":true},{"id":203311133,"price":"0.03116800","qty":"0.71700000","quoteQty":"0.02234745","time":1606321534392,"isBuyerMaker":false,"isBestMatch":true},{"id":203311134,"price":"0.03116500","qty":"0.11500000","quoteQty":"0.00358397","time":1606321534443,"isBuyerMaker":true,"isBestMatch":true},{"id":203311135,"price":"0.03116400","qty":"1.67700000","quoteQty":"0.05226202","time":1606321534443,"isBuyerMaker":true,"isBestMatch":true},{"id":203311136,"price":"0.03116300","qty":"2.68700000","quoteQty":"0.08373498","time":1606321534443,"isBuyerMaker":true,"isBestMatch":true},{"id":203311137,"price":"0.03116400","qty":"0.05000000","quoteQty":"0.00155820","time":1606321534667,"isBuyerMaker":true,"isBestMatch":true},{"id":203311138,"price":"0.03116800","qty":"1.05900000","quoteQty":"0.03300691","time":1606321534801,"isBuyerMaker":false,"isBestMatch":true},{"id":203311139,"price":"0.03116600","qty":"0.48200000","quoteQty":"0.01502201","time":1606321535311,"isBuyerMaker":true,"isBestMatch":true},{"id":203311140,"price":"0.03116500","qty":"0.04600000","quoteQty":"0.00143359","time":1606321535735,"isBuyerMaker":false,"isBestMatch":true},{"id":203311141,"price":"0.03116400","qty":"5.82600000","quoteQty":"0.18156146","time":1606321536121,"isBuyerMaker":false,"isBestMatch":true},{"id":203311142,"price":"0.03116400","qty":"0.27700000","quoteQty":"0.00863242","time":1606321536671,"isBuyerMaker":false,"isBestMatch":true},{"id":203311143,"price":"0.03116400","qty":"0.37300000","quoteQty":"0.01162417","time":1606321536878,"isBuyerMaker":false,"isBestMatch":true},{"id":203311144,"price":"0.03116900","qty":"1.90500000","quoteQty":"0.05937694","time":1606321536878,"isBuyerMaker":false,"isBestMatch":true},{"id":203311145,"price":"0.03116900","qty":"0.14600000","quoteQty":"0.00455067","time":1606321536878,"isBuyerMaker":false,"isBestMatch":true},{"id":203311146,"price":"0.03117000","qty":"22.57600000","quoteQty":"0.70369392","time":1606321536878,"isBuyerMaker":false,"isBestMatch":true},{"id":203311147,"price":"0.03116400","qty":"3.00000000","quoteQty":"0.09349200","time":1606321536900,"isBuyerMaker":true,"isBestMatch":true},{"id":203311148,"price":"0.03116400","qty":"1.54100000","quoteQty":"0.04802372","time":1606321536900,"isBuyerMaker":true,"isBestMatch":true},{"id":203311149,"price":"0.03116900","qty":"0.01400000","quoteQty":"0.00043636","time":1606321537223,"isBuyerMaker":false,"isBestMatch":true},{"id":203311150,"price":"0.03117000","qty":"0.51100000","quoteQty":"0.01592787","time":1606321538071,"isBuyerMaker":true,"isBestMatch":true},{"id":203311151,"price":"0.03117100","qty":"0.15000000","quoteQty":"0.00467565","time":1606321538097,"isBuyerMaker":false,"isBestMatch":true},{"id":203311152,"price":"0.03117300","qty":"0.07500000","quoteQty":"0.00233797","time":1606321538471,"isBuyerMaker":true,"isBestMatch":true},{"id":203311153,"price":"0.03117300","qty":"0.04700000","quoteQty":"0.00146513","time":1606321538521,"isBuyerMaker":true,"isBestMatch":true},{"id":203311154,"price":"0.03117300","qty":"0.43300000","quoteQty":"0.01349790","time":1606321538936,"isBuyerMaker":true,"isBestMatch":true},{"id":203311155,"price":"0.03117400","qty":"0.03000000","quoteQty":"0.00093522","time":1606321539641,"isBuyerMaker":true,"isBestMatch":true},{"id":203311156,"price":"0.03117400","qty":"2.97000000","quoteQty":"0.09258678","time":1606321539757,"isBuyerMaker":true,"isBestMatch":true},{"id":203311157,"price":"0.03117400","qty":"10.14800000","quoteQty":"0.31635375","time":1606321539757,"isBuyerMaker":true,"isBestMatch":true},{"id":203311158,"price":"0.03117300","qty":"3.00000000","quoteQty":"0.09351900","time":1606321540111,"isBuyerMaker":true,"isBestMatch":true},{"id":203311159,"price":"0.03116500","qty":"0.10700000","quoteQty":"0.00333465","time":1606321540631,"isBuyerMaker":true,"isBestMatch":true},{"id":203311160,"price":"0.03116500","qty":"0.10700000","quoteQty":"0.00333465","time":1606321540631,"isBuyerMaker":true,"isBestMatch":true},{"id":203311161,"price":"0.03116500","qty":"1.44000000","quoteQty":"0.04487760","time":1606321540631,"isBuyerMaker":true,"isBestMatch":true},{"id":203311162,"price":"0.03116600","qty":"0.16900000","quoteQty":"0.00526705","time":1606321540701,"isBuyerMaker":true,"isBestMatch":true},{"id":203311163,"price":"0.03115800","qty":"1.97600000","quoteQty":"0.06156820","time":1606321540701,"isBuyerMaker":true,"isBestMatch":true},{"id":203311164,"price":"0.03116500","qty":"0.12500000","quoteQty":"0.00389562","time":1606321541314,"isBuyerMaker":true,"isBestMatch":true},{"id":203311165,"price":"0.03115900","qty":"0.22900000","quoteQty":"0.00713541","time":1606321541930,"isBuyerMaker":true,"isBestMatch":true},{"id":203311166,"price":"0.03115900","qty":"0.11500000","quoteQty":"0.00358328","time":1606321541930,"isBuyerMaker":true,"isBestMatch":true},{"id":203311167,"price":"0.03115800","qty":"0.02400000","quoteQty":"0.00074779","time":1606321541930,"isBuyerMaker":true,"isBestMatch":true},{"id":203311168,"price":"0.03115100","qty":"0.62300000","quoteQty":"0.01940707","time":1606321541930,"isBuyerMaker":true,"isBestMatch":true},{"id":203311169,"price":"0.03115800","qty":"15.00000000","quoteQty":"0.46737000","time":1606321542291,"isBuyerMaker":false,"isBestMatch":true},{"id":203311170,"price":"0.03116000","qty":"0.28100000","quoteQty":"0.00875596","time":1606321542702,"isBuyerMaker":false,"isBestMatch":true},{"id":203311171,"price":"0.03115800","qty":"6.00000000","quoteQty":"0.18694800","time":1606321543107,"isBuyerMaker":false,"isBestMatch":true},{"id":203311172,"price":"0.03116100","qty":"0.17000000","quoteQty":"0.00529737","time":1606321543455,"isBuyerMaker":false,"isBestMatch":true},{"id":203311173,"price":"0.03116100","qty":"4.83000000","quoteQty":"0.15050763","time":1606321543455,"isBuyerMaker":false,"isBestMatch":true},{"id":203311174,"price":"0.03116300","qty":"2.22600000","quoteQty":"0.06936883","time":1606321543823,"isBuyerMaker":true,"isBestMatch":true},{"id":203311175,"price":"0.03116200","qty":"0.14900000","quoteQty":"0.00464313","time":1606321543823,"isBuyerMaker":true,"isBestMatch":true},{"id":203311176,"price":"0.03116800","qty":"2.00000000","quoteQty":"0.06233600","time":1606321544318,"isBuyerMaker":false,"isBestMatch":true},{"id":203311177,"price":"0.03117500","qty":"0.00500000","quoteQty":"0.00015587","time":1606321544828,"isBuyerMaker":false,"isBestMatch":true},{"id":203311178,"price":"0.03117500","qty":"0.03200000","quoteQty":"0.00099760","time":1606321544828,"isBuyerMaker":false,"isBestMatch":true},{"id":203311179,"price":"0.03117500","qty":"0.01000000","quoteQty":"0.00031175","time":1606321544828,"isBuyerMaker":false,"isBestMatch":true},{"id":203311180,"price":"0.03117500","qty":"0.01300000","quoteQty":"0.00040527","time":1606321544828,"isBuyerMaker":false,"isBestMatch":true},{"id":203311181,"price":"0.03117500","qty":"4.94000000","quoteQty":"0.15400450","time":1606321544828,"isBuyerMaker":false,"isBestMatch":true},{"id":203311182,"price":"0.03117400","qty":"1.01200000","quoteQty":"0.03154808","time":1606321545119,"isBuyerMaker":true,"isBestMatch":true},{"id":203311183,"price":"0.03117300","qty":"1.01200000","quoteQty":"0.03154707","time":1606321545153,"isBuyerMaker":true,"isBestMatch":true},{"id":203311184,"price":"0.03117300","qty":"1.98800000","quoteQty":"0.06197192","time":1606321545165,"isBuyerMaker":true,"isBestMatch":true},{"id":203311185,"price":"0.03116700","qty":"0.13600000","quoteQty":"0.00423871","time":1606321545328,"isBuyerMaker":true,"isBestMatch":true},{"id":203311186,"price":"0.03116700","qty":"0.10100000","quoteQty":"0.00314786","time":1606321545347,"isBuyerMaker":true,"isBestMatch":true},{"id":203311187,"price":"0.03117500","qty":"3.79100000","quoteQty":"0.11818442","time":1606321548724,"isBuyerMaker":false,"isBestMatch":true},{"id":203311188,"price":"0.03117500","qty":"0.07200000","quoteQty":"0.00224460","time":1606321548724,"isBuyerMaker":false,"isBestMatch":true},{"id":203311189,"price":"0.03117600","qty":"0.00700000","quoteQty":"0.00021823","time":1606321549953,"isBuyerMaker":false,"isBestMatch":true},{"id":203311190,"price":"0.03117600","qty":"0.01200000","quoteQty":"0.00037411","time":1606321549953,"isBuyerMaker":false,"isBestMatch":true},{"id":203311191,"price":"0.03117600","qty":"0.04200000","quoteQty":"0.00130939","time":1606321549953,"isBuyerMaker":false,"isBestMatch":true},{"id":203311192,"price":"0.03117600","qty":"0.00800000","quoteQty":"0.00024940","time":1606321549953,"isBuyerMaker":false,"isBestMatch":true},{"id":203311193,"price":"0.03117700","qty":"0.03200000","quoteQty":"0.00099766","time":1606321550169,"isBuyerMaker":false,"isBestMatch":true},{"id":203311194,"price":"0.03117700","qty":"0.00100000","quoteQty":"0.00003117","time":1606321550169,"isBuyerMaker":false,"isBestMatch":true},{"id":203311195,"price":"0.03117700","qty":"0.00500000","quoteQty":"0.00015588","time":1606321550370,"isBuyerMaker":false,"isBestMatch":true},{"id":203311196,"price":"0.03117700","qty":"0.30100000","quoteQty":"0.00938427","time":1606321550370,"isBuyerMaker":false,"isBestMatch":true},{"id":203311197,"price":"0.03117700","qty":"0.20500000","quoteQty":"0.00639128","time":1606321550370,"isBuyerMaker":false,"isBestMatch":true},{"id":203311198,"price":"0.03117700","qty":"0.16100000","quoteQty":"0.00501949","time":1606321550370,"isBuyerMaker":false,"isBestMatch":true},{"id":203311199,"price":"0.03117700","qty":"0.01400000","quoteQty":"0.00043647","time":1606321550601,"isBuyerMaker":true,"isBestMatch":true},{"id":203311200,"price":"0.03117800","qty":"0.04000000","quoteQty":"0.00124712","time":1606321550720,"isBuyerMaker":false,"isBestMatch":true},{"id":203311201,"price":"0.03117800","qty":"0.03800000","quoteQty":"0.00118476","time":1606321550720,"isBuyerMaker":false,"isBestMatch":true},{"id":203311202,"price":"0.03117800","qty":"2.50000000","quoteQty":"0.07794500","time":1606321550720,"isBuyerMaker":false,"isBestMatch":true},{"id":203311203,"price":"0.03117800","qty":"12.19900000","quoteQty":"0.38034042","time":1606321550720,"isBuyerMaker":false,"isBestMatch":true},{"id":203311204,"price":"0.03117400","qty":"0.17500000","quoteQty":"0.00545545","time":1606321551188,"isBuyerMaker":true,"isBestMatch":true},{"id":203311205,"price":"0.03117400","qty":"0.11400000","quoteQty":"0.00355383","time":1606321551188,"isBuyerMaker":true,"isBestMatch":true},{"id":203311206,"price":"0.03116900","qty":"0.02200000","quoteQty":"0.00068571","time":1606321551188,"isBuyerMaker":true,"isBestMatch":true},{"id":203311207,"price":"0.03116000","qty":"0.50800000","quoteQty":"0.01582928","time":1606321551188,"isBuyerMaker":true,"isBestMatch":true},{"id":203311208,"price":"0.03117700","qty":"4.00000000","quoteQty":"0.12470800","time":1606321551221,"isBuyerMaker":false,"isBestMatch":true},{"id":203311209,"price":"0.03117500","qty":"0.34000000","quoteQty":"0.01059950","time":1606321551507,"isBuyerMaker":true,"isBestMatch":true},{"id":203311210,"price":"0.03117900","qty":"0.05100000","quoteQty":"0.00159012","time":1606321551546,"isBuyerMaker":false,"isBestMatch":true},{"id":203311211,"price":"0.03117900","qty":"0.21900000","quoteQty":"0.00682820","time":1606321551546,"isBuyerMaker":false,"isBestMatch":true},{"id":203311212,"price":"0.03117900","qty":"3.38100000","quoteQty":"0.10541619","time":1606321551554,"isBuyerMaker":false,"isBestMatch":true},{"id":203311213,"price":"0.03117900","qty":"0.02200000","quoteQty":"0.00068593","time":1606321551554,"isBuyerMaker":false,"isBestMatch":true},{"id":203311214,"price":"0.03118000","qty":"0.01600000","quoteQty":"0.00049888","time":1606321552258,"isBuyerMaker":false,"isBestMatch":true},{"id":203311215,"price":"0.03118000","qty":"0.04100000","quoteQty":"0.00127838","time":1606321552258,"isBuyerMaker":false,"isBestMatch":true},{"id":203311216,"price":"0.03118000","qty":"0.09000000","quoteQty":"0.00280620","time":1606321552258,"isBuyerMaker":false,"isBestMatch":true},{"id":203311217,"price":"0.03118000","qty":"0.03200000","quoteQty":"0.00099776","time":1606321552258,"isBuyerMaker":false,"isBestMatch":true},{"id":203311218,"price":"0.03118000","qty":"0.57400000","quoteQty":"0.01789732","time":1606321552258,"isBuyerMaker":false,"isBestMatch":true},{"id":203311219,"price":"0.03117900","qty":"0.64200000","quoteQty":"0.02001691","time":1606321552938,"isBuyerMaker":false,"isBestMatch":true},{"id":203311220,"price":"0.03118000","qty":"0.17500000","quoteQty":"0.00545650","time":1606321553403,"isBuyerMaker":false,"isBestMatch":true},{"id":203311221,"price":"0.03117900","qty":"0.06700000","quoteQty":"0.00208899","time":1606321553465,"isBuyerMaker":true,"isBestMatch":true},{"id":203311222,"price":"0.03118000","qty":"0.15100000","quoteQty":"0.00470818","time":1606321554183,"isBuyerMaker":false,"isBestMatch":true},{"id":203311223,"price":"0.03118100","qty":"0.03200000","quoteQty":"0.00099779","time":1606321554257,"isBuyerMaker":false,"isBestMatch":true},{"id":203311224,"price":"0.03118100","qty":"0.00600000","quoteQty":"0.00018708","time":1606321554257,"isBuyerMaker":false,"isBestMatch":true},{"id":203311225,"price":"0.03118200","qty":"0.01100000","quoteQty":"0.00034300","time":1606321554339,"isBuyerMaker":false,"isBestMatch":true},{"id":203311226,"price":"0.03118200","qty":"0.14900000","quoteQty":"0.00464611","time":1606321554339,"isBuyerMaker":false,"isBestMatch":true},{"id":203311227,"price":"0.03118200","qty":"0.00500000","quoteQty":"0.00015591","time":1606321554339,"isBuyerMaker":false,"isBestMatch":true},{"id":203311228,"price":"0.03118200","qty":"0.20000000","quoteQty":"0.00623640","time":1606321554339,"isBuyerMaker":false,"isBestMatch":true},{"id":203311229,"price":"0.03118300","qty":"0.36500000","quoteQty":"0.01138179","time":1606321554356,"isBuyerMaker":false,"isBestMatch":true},{"id":203311230,"price":"0.03118300","qty":"1.63500000","quoteQty":"0.05098420","time":1606321554398,"isBuyerMaker":false,"isBestMatch":true},{"id":203311231,"price":"0.03118400","qty":"0.12700000","quoteQty":"0.00396036","time":1606321554430,"isBuyerMaker":false,"isBestMatch":true},{"id":203311232,"price":"0.03118500","qty":"0.01600000","quoteQty":"0.00049896","time":1606321554473,"isBuyerMaker":false,"isBestMatch":true},{"id":203311233,"price":"0.03118500","qty":"0.01800000","quoteQty":"0.00056133","time":1606321554473,"isBuyerMaker":false,"isBestMatch":true},{"id":203311234,"price":"0.03118600","qty":"0.00600000","quoteQty":"0.00018711","time":1606321554676,"isBuyerMaker":false,"isBestMatch":true},{"id":203311235,"price":"0.03118600","qty":"0.19800000","quoteQty":"0.00617482","time":1606321554676,"isBuyerMaker":false,"isBestMatch":true},{"id":203311236,"price":"0.03118600","qty":"0.05000000","quoteQty":"0.00155930","time":1606321554676,"isBuyerMaker":false,"isBestMatch":true},{"id":203311237,"price":"0.03118700","qty":"0.03800000","quoteQty":"0.00118510","time":1606321554732,"isBuyerMaker":false,"isBestMatch":true},{"id":203311238,"price":"0.03118700","qty":"0.00400000","quoteQty":"0.00012474","time":1606321554732,"isBuyerMaker":false,"isBestMatch":true},{"id":203311239,"price":"0.03118800","qty":"0.21100000","quoteQty":"0.00658066","time":1606321554733,"isBuyerMaker":false,"isBestMatch":true},{"id":203311240,"price":"0.03118900","qty":"0.03000000","quoteQty":"0.00093567","time":1606321554733,"isBuyerMaker":false,"isBestMatch":true},{"id":203311241,"price":"0.03119000","qty":"7.38900000","quoteQty":"0.23046291","time":1606321554733,"isBuyerMaker":false,"isBestMatch":true},{"id":203311242,"price":"0.03119000","qty":"5.73400000","quoteQty":"0.17884346","time":1606321554774,"isBuyerMaker":false,"isBestMatch":true},{"id":203311243,"price":"0.03119000","qty":"0.10100000","quoteQty":"0.00315019","time":1606321554785,"isBuyerMaker":false,"isBestMatch":true},{"id":203311244,"price":"0.03119000","qty":"0.97800000","quoteQty":"0.03050382","time":1606321554931,"isBuyerMaker":false,"isBestMatch":true},{"id":203311245,"price":"0.03119000","qty":"0.12500000","quoteQty":"0.00389875","time":1606321555033,"isBuyerMaker":false,"isBestMatch":true},{"id":203311246,"price":"0.03119000","qty":"6.40900000","quoteQty":"0.19989671","time":1606321555175,"isBuyerMaker":false,"isBestMatch":true},{"id":203311247,"price":"0.03118900","qty":"0.04700000","quoteQty":"0.00146588","time":1606321555180,"isBuyerMaker":true,"isBestMatch":true},{"id":203311248,"price":"0.03118900","qty":"0.58000000","quoteQty":"0.01808962","time":1606321555321,"isBuyerMaker":true,"isBestMatch":true},{"id":203311249,"price":"0.03119000","qty":"0.00500000","quoteQty":"0.00015595","time":1606321555766,"isBuyerMaker":false,"isBestMatch":true}]