[{"id":204285363,"price":"0.03068500","qty":"18.00500000","quoteQty":"0.55248342","time":1606749413281,"isBuyerMaker":false,"isBestMatch":true},{"id":204285364,"price":"0.03069000","qty":"0.09700000","quoteQty":"0.00297693","time":1606749414836,"isBuyerMaker":false,"isBestMatch":true},{"id":204285365,"price":"0.03069000","qty":"2.00000000","quoteQty":"0.06138000","time":1606749414836,"isBuyerMaker":false,"isBestMatch":true},{"id":204285366,"price":"0.03069000","qty":"2.09700000","quoteQty":"0.06435693","time":1606749414840,"isBuyerMaker":false,"isBestMatch":true},{"id":204285367,"price":"0.03069000","qty":"2.09700000","quoteQty":"0.06435693","time":1606749414843,"isBuyerMaker":false,"isBestMatch":true},{"id":204285368,"price":"0.03068900","qty":"0.45400000","quoteQty":"0.01393280","time":1606749414918,"isBuyerMaker":true,"isBestMatch":true},{"id":204285369,"price":"0.03068500","qty":"1.46800000","quoteQty":"0.04504558","time":1606749414918,"isBuyerMaker":true,"isBestMatch":true},{"id":204285370,"price":"0.03068700","qty":"1.64300000","quoteQty":"0.05041874","time":1606749415016,"isBuyerMaker":true,"isBestMatch":true},{"id":204285371,"price":"0.03069300","qty":"1.72500000","quoteQty":"0.05294542","time":1606749416528,"isBuyerMaker":false,"isBestMatch":true},{"id":204285372,"price":"0.03069400","qty":"0.19400000","quoteQty":"0.00595463","time":1606749416841,"isBuyerMaker":false,"isBestMatch":true},{"id":204285373,"price":"0.03069500","qty":"1.00000000","quoteQty":"0.03069500","time":1606749416841,"isBuyerMaker":false,"isBestMatch":true},{"id":204285374,"price":"0.03070000","qty":"0.17400000","quoteQty":"0.00534180","time":1606749416841,"isBuyerMaker":false,"isBestMatch":true},{"id":204285375,"price":"0.03069300","qty":"3.00000000","quoteQty":"0.09207900","time":1606749416845,"isBuyerMaker":true,"isBestMatch":true},{"id":204285376,"price":"0.03069300","qty":"75.50000000","quoteQty":"2.31732150","time":1606749416845,"isBuyerMaker":true,"isBestMatch":true},{"id":204285377,"price":"0.03069300","qty":"24.00000000","quoteQty":"0.73663200","time":1606749416845,"isBuyerMaker":true,"isBestMatch":true},{"id":204285378,"price":"0.03069200","qty":"6.12200000","quoteQty":"0.18789642","time":1606749416845,"isBuyerMaker":true,"isBestMatch":true},{"id":204285379,"price":"0.03069500","qty":"3.89500000","quoteQty":"0.11955702","time":1606749417655,"isBuyerMaker":true,"isBestMatch":true},{"id":204285380,"price":"0.03070000","qty":"1.82600000","quoteQty":"0.05605820","time":1606749417786,"isBuyerMaker":false,"isBestMatch":true},{"id":204285381,"price":"0.03070200","qty":"1.43100000","quoteQty":"0.04393456","time":1606749417786,"isBuyerMaker":false,"isBestMatch":true},{"id":204285382,"price":"0.03070200","qty":"1.00000000","quoteQty":"0.03070200","time":1606749417791,"isBuyerMaker":false,"isBestMatch":true},{"id":204285383,"price":"0.03069600","qty":"0.09700000","quoteQty":"0.00297751","time":1606749418872,"isBuyerMaker":true,"isBestMatch":true},{"id":204285384,"price":"0.03069400","qty":"0.13600000","quoteQty":"0.00417438","time":1606749419260,"isBuyerMaker":false,"isBestMatch":true},{"id":204285385,"price":"0.03069600","qty":"0.09700000","quoteQty":"0.00297751","time":1606749421375,"isBuyerMaker":false,"isBestMatch":true},{"id":204285386,"price":"0.03070200","qty":"1.00000000","quoteQty":"0.03070200","time":1606749422649,"isBuyerMaker":false,"isBestMatch":true},{"id":204285387,"price":"0.03070500","qty":"1.00000000","quoteQty":"0.03070500","time":1606749422761,"isBuyerMaker":false,"isBestMatch":true},{"id":204285388,"price":"0.03070500","qty":"14.07200000","quoteQty":"0.43208076","time":1606749422761,"isBuyerMaker":false,"isBestMatch":true},{"id":204285389,"price":"0.03070500","qty":"1.71600000","quoteQty":"0.05268978","time":1606749422873,"isBuyerMaker":false,"isBestMatch":true},{"id":204285390,"price":"0.03069800","qty":"0.09700000","quoteQty":"0.00297770","time":1606749423073,"isBuyerMaker":true,"isBestMatch":true},{"id":204285391,"price":"0.03069900","qty":"0.16200000","quoteQty":"0.00497323","time":1606749424645,"isBuyerMaker":false,"isBestMatch":true},{"id":204285392,"price":"0.03069600","qty":"24.00000000","quoteQty":"0.73670400","time":1606749425246,"isBuyerMaker":true,"isBestMatch":true},{"id":204285393,"price":"0.03069500","qty":"0.00400000","quoteQty":"0.00012278","time":1606749425246,"isBuyerMaker":true,"isBestMatch":true},{"id":204285394,"price":"0.03069500","qty":"1.00000000","quoteQty":"0.03069500","time":1606749425246,"isBuyerMaker":true,"isBestMatch":true},{"id":204285395,"price":"0.03069200","qty":"0.01300000","quoteQty":"0.00039899","time":1606749425508,"isBuyerMaker":false,"isBestMatch":true},{"id":204285396,"price":"0.03069200","qty":"2.41200000","quoteQty":"0.07402910","time":1606749425642,"isBuyerMaker":false,"isBestMatch":true},{"id":204285397,"price":"0.03069100","qty":"1.16200000","quoteQty":"0.03566294","time":1606749426877,"isBuyerMaker":true,"isBestMatch":true},{"id":204285398,"price":"0.03069200","qty":"0.01500000","quoteQty":"0.00046038","time":1606749426950,"isBuyerMaker":false,"isBestMatch":true},{"id":204285399,"price":"0.03069200","qty":"4.16100000","quoteQty":"0.12770941","time":1606749427466,"isBuyerMaker":false,"isBestMatch":true},{"id":204285400,"price":"0.03069200","qty":"2.68700000","quoteQty":"0.08246940","time":1606749427466,"isBuyerMaker":false,"isBestMatch":true},{"id":204285401,"price":"0.03069200","qty":"0.16200000","quoteQty":"0.00497210","time":1606749427656,"isBuyerMaker":false,"isBestMatch":true},{"id":204285402,"price":"0.03069300","qty":"0.03800000","quoteQty":"0.00116633","time":1606749427872,"isBuyerMaker":false,"isBestMatch":true},{"id":204285403,"price":"0.03069200","qty":"0.10700000","quoteQty":"0.00328404","time":1606749427919,"isBuyerMaker":true,"isBestMatch":true},{"id":204285404,"price":"0.03069300","qty":"0.05300000","quoteQty":"0.00162672","time":1606749427953,"isBuyerMaker":false,"isBestMatch":true},{"id":204285405,"price":"0.03069100","qty":"0.01300000","quoteQty":"0.00039898","time":1606749427999,"isBuyerMaker":false,"isBestMatch":true},{"id":204285406,"price":"0.03069000","qty":"2.00000000","quoteQty":"0.06138000","time":1606749428115,"isBuyerMaker":true,"isBestMatch":true},{"id":204285407,"price":"0.03069000","qty":"0.06500000","quoteQty":"0.00199485","time":1606749428115,"isBuyerMaker":true,"isBestMatch":true},{"id":204285408,"price":"0.03068600","qty":"0.03800000","quoteQty":"0.00116606","time":1606749428571,"isBuyerMaker":false,"isBestMatch":true},{"id":204285409,"price":"0.03068600","qty":"13.81100000","quoteQty":"0.42380434","time":1606749428571,"isBuyerMaker":false,"isBestMatch":true},{"id":204285410,"price":"0.03068600","qty":"0.03700000","quoteQty":"0.00113538","time":1606749428752,"isBuyerMaker":false,"isBestMatch":true},{"id":204285411,"price":"0.03068500","qty":"1.00000000","quoteQty":"0.03068500","time":1606749428944,"isBuyerMaker":true,"isBestMatch":true},{"id":204285412,"price":"0.03068500","qty":"1.00000000","quoteQty":"0.03068500","time":1606749428944,"isBuyerMaker":true,"isBestMatch":true},{"id":204285413,"price":"0.03068700","qty":"0.88500000","quoteQty":"0.02715799","time":1606749430487,"isBuyerMaker":false,"isBestMatch":true},{"id":204285414,"price":"0.03068600","qty":"0.09700000","quoteQty":"0.00297654","time":1606749431307,"isBuyerMaker":true,"isBestMatch":true},{"id":204285415,"price":"0.03068600","qty":"0.51000000","quoteQty":"0.01564986","time":1606749431307,"isBuyerMaker":true,"isBestMatch":true},{"id":204285416,"price":"0.03068600","qty":"1.00000000","quoteQty":"0.03068600","time":1606749431307,"isBuyerMaker":true,"isBestMatch":true},{"id":204285417,"price":"0.03068300","qty":"1.00000000","quoteQty":"0.03068300","time":1606749432069,"isBuyerMaker":true,"isBestMatch":true},{"id":204285418,"price":"0.03068000","qty":"0.78200000","quoteQty":"0.02399176","time":1606749432114,"isBuyerMaker":true,"isBestMatch":true},{"id":204285419,"price":"0.03068000","qty":"2.00000000","quoteQty":"0.06136000","time":1606749432114,"isBuyerMaker":true,"isBestMatch":true},{"id":204285420,"price":"0.03068000","qty":"0.17200000","quoteQty":"0.00527696","time":1606749432114,"isBuyerMaker":true,"isBestMatch":true},{"id":204285421,"price":"0.03067900","qty":"2.37100000","quoteQty":"0.07273990","time":1606749432227,"isBuyerMaker":true,"isBestMatch":true},{"id":204285422,"price":"0.03067500","qty":"0.05800000","quoteQty":"0.00177915","time":1606749432448,"isBuyerMaker":true,"isBestMatch":true},{"id":204285423,"price":"0.03067500","qty":"0.94200000","quoteQty":"0.02889585","time":1606749432464,"isBuyerMaker":true,"isBestMatch":true},{"id":204285424,"price":"0.03067600","qty":"6.00000000","quoteQty":"0.18405600","time":1606749432686,"isBuyerMaker":false,"isBestMatch":true},{"id":204285425,"price":"0.03067900","qty":"0.38700000","quoteQty":"0.01187277","time":1606749433152,"isBuyerMaker":true,"isBestMatch":true},{"id":204285426,"price":"0.03067200","qty":"3.00000000","quoteQty":"0.09201600","time":1606749433988,"isBuyerMaker":false,"isBestMatch":true},{"id":204285427,"price":"0.03067300","qty":"0.27400000","quoteQty":"0.00840440","time":1606749433988,"isBuyerMaker":false,"isBestMatch":true},{"id":204285428,"price":"0.03067800","qty":"0.09700000","quoteQty":"0.00297576","time":1606749433988,"isBuyerMaker":false,"isBestMatch":true},{"id":204285429,"price":"0.03068000","qty":"14.64200000","quoteQty":"0.44921656","time":1606749433988,"isBuyerMaker":false,"isBestMatch":true},{"id":204285430,"price":"0.03067300","qty":"6.00000000","quoteQty":"0.18403800","time":1606749434210,"isBuyerMaker":true,"isBestMatch":true},{"id":204285431,"price":"0.03067200","qty":"13.98000000","quoteQty":"0.42879456","time":1606749434210,"isBuyerMaker":true,"isBestMatch":true},{"id":204285432,"price":"0.03067100","qty":"0.09700000","quoteQty":"0.00297508","time":1606749435285,"isBuyerMaker":true,"isBestMatch":true},{"id":204285433,"price":"0.03067100","qty":"0.00400000","quoteQty":"0.00012268","time":1606749435374,"isBuyerMaker":false,"isBestMatch":true},{"id":204285434,"price":"0.03067100","qty":"1.89900000","quoteQty":"0.05824422","time":1606749436018,"isBuyerMaker":false,"isBestMatch":true},{"id":204285435,"price":"0.03067100","qty":"1.35600000","quoteQty":"0.04158987","time":1606749436018,"isBuyerMaker":false,"isBestMatch":true},{"id":204285436,"price":"0.03067100","qty":"5.02200000","quoteQty":"0.15402976","time":1606749436414,"isBuyerMaker":false,"isBestMatch":true},{"id":204285437,"price":"0.03067000","qty":"0.02500000","quoteQty":"0.00076675","time":1606749437092,"isBuyerMaker":true,"isBestMatch":true},{"id":204285438,"price":"0.03067000","qty":"2.00000000","quoteQty":"0.06134000","time":1606749437092,"isBuyerMaker":true,"isBestMatch":true},{"id":204285439,"price":"0.03066600","qty":"0.04700000","quoteQty":"0.00144130","time":1606749437566,"isBuyerMaker":false,"isBestMatch":true},{"id":204285440,"price":"0.03066500","qty":"1.00000000","quoteQty":"0.03066500","time":1606749437619,"isBuyerMaker":true,"isBestMatch":true},{"id":204285441,"price":"0.03066200","qty":"0.20700000","quoteQty":"0.00634703","time":1606749437687,"isBuyerMaker":false,"isBestMatch":true},{"id":204285442,"price":"0.03066100","qty":"0.01000000","quoteQty":"0.00030661","time":1606749437740,"isBuyerMaker":true,"isBestMatch":true},{"id":204285443,"price":"0.03066100","qty":"1.05000000","quoteQty":"0.03219405","time":1606749439239,"isBuyerMaker":false,"isBestMatch":true},{"id":204285444,"price":"0.03066100","qty":"0.00400000","quoteQty":"0.00012264","time":1606749439586,"isBuyerMaker":false,"isBestMatch":true},{"id":204285445,"price":"0.03066000","qty":"2.00000000","quoteQty":"0.06132000","time":1606749440999,"isBuyerMaker":true,"isBestMatch":true},{"id":204285446,"price":"0.03066100","qty":"2.57500000","quoteQty":"0.07895207","time":1606749441098,"isBuyerMaker":false,"isBestMatch":true},{"id":204285447,"price":"0.03066000","qty":"0.11600000","quoteQty":"0.00355656","time":1606749441227,"isBuyerMaker":true,"isBestMatch":true},{"id":204285448,"price":"0.03066100","qty":"1.00000000","quoteQty":"0.03066100","time":1606749441440,"isBuyerMaker":false,"isBestMatch":true},{"id":204285449,"price":"0.03066100","qty":"0.20000000","quoteQty":"0.00613220","time":1606749441630,"isBuyerMaker":false,"isBestMatch":true},{"id":204285450,"price":"0.03066100","qty":"1.01800000","quoteQty":"0.03121289","time":1606749441809,"isBuyerMaker":false,"isBestMatch":true},{"id":204285451,"price":"0.03066800","qty":"0.19400000","quoteQty":"0.00594959","time":1606749442490,"isBuyerMaker":false,"isBestMatch":true},{"id":204285452,"price":"0.03067000","qty":"0.29700000","quoteQty":"0.00910899","time":1606749442490,"isBuyerMaker":false,"isBestMatch":true},{"id":204285453,"price":"0.03067300","qty":"7.00900000","quoteQty":"0.21498705","time":1606749442490,"isBuyerMaker":false,"isBestMatch":true},{"id":204285454,"price":"0.03067300","qty":"0.49100000","quoteQty":"0.01506044","time":1606749442503,"isBuyerMaker":false,"isBestMatch":true},{"id":204285455,"price":"0.03067500","qty":"0.50900000","quoteQty":"0.01561357","time":1606749442503,"isBuyerMaker":false,"isBestMatch":true},{"id":204285456,"price":"0.03067500","qty":"0.11900000","quoteQty":"0.00365032","time":1606749442724,"isBuyerMaker":false,"isBestMatch":true},{"id":204285457,"price":"0.03067500","qty":"0.37200000","quoteQty":"0.01141110","time":1606749442833,"isBuyerMaker":false,"isBestMatch":true},{"id":204285458,"price":"0.03067800","qty":"2.06300000","quoteQty":"0.06328871","time":1606749442833,"isBuyerMaker":false,"isBestMatch":true},{"id":204285459,"price":"0.03067800","qty":"0.37200000","quoteQty":"0.01141221","time":1606749442897,"isBuyerMaker":false,"isBestMatch":true},{"id":204285460,"price":"0.03068000","qty":"1.62800000","quoteQty":"0.04994704","time":1606749442897,"isBuyerMaker":false,"isBestMatch":true},{"id":204285461,"price":"0.03067800","qty":"0.25000000","quoteQty":"0.00766950","time":1606749443388,"isBuyerMaker":false,"isBestMatch":true},{"id":204285462,"price":"0.03067500","qty":"0.20000000","quoteQty":"0.00613500","time":1606749443633,"isBuyerMaker":false,"isBestMatch":true},{"id":204285463,"price":"0.03066900","qty":"0.09700000","quoteQty":"0.00297489","time":1606749444171,"isBuyerMaker":true,"isBestMatch":true},{"id":204285464,"price":"0.03066500","qty":"1.00000000","quoteQty":"0.03066500","time":1606749444327,"isBuyerMaker":true,"isBestMatch":true},{"id":204285465,"price":"0.03066100","qty":"24.00000000","quoteQty":"0.73586400","time":1606749444768,"isBuyerMaker":true,"isBestMatch":true},{"id":204285466,"price":"0.03066000","qty":"6.12300000","quoteQty":"0.18773118","time":1606749444768,"isBuyerMaker":true,"isBestMatch":true},{"id":204285467,"price":"0.03066000","qty":"2.00000000","quoteQty":"0.06132000","time":1606749444768,"isBuyerMaker":true,"isBestMatch":true},{"id":204285468,"price":"0.03066000","qty":"0.00700000","quoteQty":"0.00021462","time":1606749444768,"isBuyerMaker":true,"isBestMatch":true},{"id":204285469,"price":"0.03065700","qty":"0.01000000","quoteQty":"0.00030657","time":1606749444768,"isBuyerMaker":true,"isBestMatch":true},{"id":204285470,"price":"0.03065500","qty":"1.00000000","quoteQty":"0.03065500","time":1606749444768,"isBuyerMaker":true,"isBestMatch":true},{"id":204285471,"price":"0.03065300","qty":"0.18000000","quoteQty":"0.00551754","time":1606749444768,"isBuyerMaker":true,"isBestMatch":true},{"id":204285472,"price":"0.03065000","qty":"0.04000000","quoteQty":"0.00122600","time":1606749444768,"isBuyerMaker":true,"isBestMatch":true},{"id":204285473,"price":"0.03064900","qty":"0.01000000","quoteQty":"0.00030649","time":1606749444768,"isBuyerMaker":true,"isBestMatch":true},{"id":204285474,"price":"0.03064900","qty":"3.47800000","quoteQty":"0.10659722","time":1606749444776,"isBuyerMaker":false,"isBestMatch":true},{"id":204285475,"price":"0.03065500","qty":"3.00000000","quoteQty":"0.09196500","time":1606749444898,"isBuyerMaker":false,"isBestMatch":true},{"id":204285476,"price":"0.03065700","qty":"0.09700000","quoteQty":"0.00297372","time":1606749444898,"isBuyerMaker":false,"isBestMatch":true},{"id":204285477,"price":"0.03065800","qty":"4.15900000","quoteQty":"0.12750662","time":1606749444994,"isBuyerMaker":false,"isBestMatch":true},{"id":204285478,"price":"0.03066200","qty":"0.00400000","quoteQty":"0.00012264","time":1606749445377,"isBuyerMaker":false,"isBestMatch":true},{"id":204285479,"price":"0.03066200","qty":"0.20000000","quoteQty":"0.00613240","time":1606749445628,"isBuyerMaker":false,"isBestMatch":true},{"id":204285480,"price":"0.03066000","qty":"0.14700000","quoteQty":"0.00450702","time":1606749447195,"isBuyerMaker":true,"isBestMatch":true},{"id":204285481,"price":"0.03066200","qty":"0.06300000","quoteQty":"0.00193170","time":1606749447540,"isBuyerMaker":false,"isBestMatch":true},{"id":204285482,"price":"0.03066200","qty":"0.20000000","quoteQty":"0.00613240","time":1606749447616,"isBuyerMaker":false,"isBestMatch":true},{"id":204285483,"price":"0.03066200","qty":"0.01700000","quoteQty":"0.00052125","time":1606749448191,"isBuyerMaker":false,"isBestMatch":true},{"id":204285484,"price":"0.03066000","qty":"0.35800000","quoteQty":"0.01097628","time":1606749448464,"isBuyerMaker":true,"isBestMatch":true},{"id":204285485,"price":"0.03066000","qty":"4.64200000","quoteQty":"0.14232372","time":1606749448565,"isBuyerMaker":true,"isBestMatch":true},{"id":204285486,"price":"0.03066000","qty":"3.09200000","quoteQty":"0.09480072","time":1606749448677,"isBuyerMaker":true,"isBestMatch":true},{"id":204285487,"price":"0.03065800","qty":"1.39600000","quoteQty":"0.04279856","time":1606749448777,"isBuyerMaker":true,"isBestMatch":true},{"id":204285488,"price":"0.03065800","qty":"1.93100000","quoteQty":"0.05920059","time":1606749448886,"isBuyerMaker":true,"isBestMatch":true},{"id":204285489,"price":"0.03065800","qty":"0.14100000","quoteQty":"0.00432277","time":1606749448886,"isBuyerMaker":true,"isBestMatch":true},{"id":204285490,"price":"0.03066000","qty":"0.09800000","quoteQty":"0.00300468","time":1606749449381,"isBuyerMaker":false,"isBestMatch":true},{"id":204285491,"price":"0.03066100","qty":"0.41100000","quoteQty":"0.01260167","time":1606749449619,"isBuyerMaker":false,"isBestMatch":true},{"id":204285492,"price":"0.03066000","qty":"3.63000000","quoteQty":"0.11129580","time":1606749449643,"isBuyerMaker":true,"isBestMatch":true},{"id":204285493,"price":"0.03066100","qty":"0.03800000","quoteQty":"0.00116511","time":1606749449657,"isBuyerMaker":false,"isBestMatch":true},{"id":204285494,"price":"0.03066000","qty":"1.55300000","quoteQty":"0.04761498","time":1606749449662,"isBuyerMaker":true,"isBestMatch":true},{"id":204285495,"price":"0.03066100","qty":"0.12600000","quoteQty":"0.00386328","time":1606749449986,"isBuyerMaker":false,"isBestMatch":true},{"id":204285496,"price":"0.03066000","qty":"0.17900000","quoteQty":"0.00548814","time":1606749450573,"isBuyerMaker":true,"isBestMatch":true},{"id":204285497,"price":"0.03066000","qty":"2.87700000","quoteQty":"0.08820882","time":1606749451277,"isBuyerMaker":true,"isBestMatch":true},{"id":204285498,"price":"0.03065700","qty":"2.06300000","quoteQty":"0.06324539","time":1606749451277,"isBuyerMaker":true,"isBestMatch":true},{"id":204285499,"price":"0.03065700","qty":"1.23700000","quoteQty":"0.03792270","time":1606749451390,"isBuyerMaker":true,"isBestMatch":true},{"id":204285500,"price":"0.03065600","qty":"0.09700000","quoteQty":"0.00297363","time":1606749451492,"isBuyerMaker":true,"isBestMatch":true},{"id":204285501,"price":"0.03065600","qty":"0.01300000","quoteQty":"0.00039852","time":1606749451528,"isBuyerMaker":false,"isBestMatch":true},{"id":204285502,"price":"0.03065600","qty":"0.10400000","quoteQty":"0.00318822","time":1606749452005,"isBuyerMaker":false,"isBestMatch":true},{"id":204285503,"price":"0.03065600","qty":"4.17500000","quoteQty":"0.12798880","time":1606749452375,"isBuyerMaker":false,"isBestMatch":true},{"id":204285504,"price":"0.03065600","qty":"10.95900000","quoteQty":"0.33595910","time":1606749452375,"isBuyerMaker":false,"isBestMatch":true},{"id":204285505,"price":"0.03065500","qty":"0.04700000","quoteQty":"0.00144078","time":1606749453012,"isBuyerMaker":true,"isBestMatch":true},{"id":204285506,"price":"0.03065500","qty":"0.43800000","quoteQty":"0.01342689","time":1606749453163,"isBuyerMaker":false,"isBestMatch":true},{"id":204285507,"price":"0.03065500","qty":"0.02700000","quoteQty":"0.00082768","time":1606749453278,"isBuyerMaker":false,"isBestMatch":true},{"id":204285508,"price":"0.03065500","qty":"0.03500000","quoteQty":"0.00107292","time":1606749453695,"isBuyerMaker":false,"isBestMatch":true},{"id":204285509,"price":"0.03065700","qty":"0.09700000","quoteQty":"0.00297372","time":1606749454414,"isBuyerMaker":false,"isBestMatch":true},{"id":204285510,"price":"0.03066000","qty":"0.46500000","quoteQty":"0.01425690","time":1606749454426,"isBuyerMaker":false,"isBestMatch":true},{"id":204285511,"price":"0.03066000","qty":"0.10800000","quoteQty":"0.00331128","time":1606749454996,"isBuyerMaker":false,"isBestMatch":true},{"id":204285512,"price":"0.03066000","qty":"2.50000000","quoteQty":"0.07665000","time":1606749455127,"isBuyerMaker":false,"isBestMatch":true},{"id":204285513,"price":"0.03066000","qty":"4.95800000","quoteQty":"0.15201228","time":1606749455695,"isBuyerMaker":false,"isBestMatch":true},{"id":204285514,"price":"0.03066000","qty":"15.77500000","quoteQty":"0.48366150","time":1606749456398,"isBuyerMaker":false,"isBestMatch":true},{"id":204285515,"price":"0.03066000","qty":"3.97700000","quoteQty":"0.12193482","time":1606749456403,"isBuyerMaker":false,"isBestMatch":true},{"id":204285516,"price":"0.03066400","qty":"5.00000000","quoteQty":"0.15332000","time":1606749457053,"isBuyerMaker":true,"isBestMatch":true},{"id":204285517,"price":"0.03066400","qty":"0.16000000","quoteQty":"0.00490624","time":1606749457491,"isBuyerMaker":true,"isBestMatch":true},{"id":204285518,"price":"0.03066100","qty":"0.05000000","quoteQty":"0.00153305","time":1606749460909,"isBuyerMaker":false,"isBestMatch":true},{"id":204285519,"price":"0.03066100","qty":"0.01800000","quoteQty":"0.00055189","time":1606749461275,"isBuyerMaker":false,"isBestMatch":true},{"id":204285520,"price":"0.03066500","qty":"0.07400000","quoteQty":"0.00226921","time":1606749462255,"isBuyerMaker":false,"isBestMatch":true},{"id":204285521,"price":"0.03066400","qty":"0.28300000","quoteQty":"0.00867791","time":1606749463202,"isBuyerMaker":false,"isBestMatch":true},{"id":204285522,"price":"0.03066500","qty":"0.92600000","quoteQty":"0.02839579","time":1606749463461,"isBuyerMaker":false,"isBestMatch":true},{"id":204285523,"price":"0.03066500","qty":"6.68300000","quoteQty":"0.20493419","time":1606749463461,"isBuyerMaker":false,"isBestMatch":true},{"id":204285524,"price":"0.03066900","qty":"3.40800000","quoteQty":"0.10451995","time":1606749463561,"isBuyerMaker":false,"isBestMatch":true},{"id":204285525,"price":"0.03066900","qty":"0.09700000","quoteQty":"0.00297489","time":1606749463561,"isBuyerMaker":false,"isBestMatch":true},{"id":204285526,"price":"0.03067000","qty":"2.00000000","quoteQty":"0.06134000","time":1606749463806,"isBuyerMaker":false,"isBestMatch":true},{"id":204285527,"price":"0.03067000","qty":"0.26100000","quoteQty":"0.00800487","time":1606749463806,"isBuyerMaker":false,"isBestMatch":true},{"id":204285528,"price":"0.03067500","qty":"0.90500000","quoteQty":"0.02776087","time":1606749463806,"isBuyerMaker":false,"isBestMatch":true},{"id":204285529,"price":"0.03067500","qty":"0.09500000","quoteQty":"0.00291412","time":1606749464073,"isBuyerMaker":false,"isBestMatch":true},{"id":204285530,"price":"0.03068000","qty":"0.37200000","quoteQty":"0.01141296","time":1606749464073,"isBuyerMaker":false,"isBestMatch":true},{"id":204285531,"price":"0.03068000","qty":"0.00700000","quoteQty":"0.00021476","time":1606749464179,"isBuyerMaker":true,"isBestMatch":true},{"id":204285532,"price":"0.03068000","qty":"2.56600000","quoteQty":"0.07872488","time":1606749464451,"isBuyerMaker":true,"isBestMatch":true},{"id":204285533,"price":"0.03068000","qty":"0.22000000","quoteQty":"0.00674960","time":1606749464451,"isBuyerMaker":true,"isBestMatch":true},{"id":204285534,"price":"0.03068000","qty":"1.89700000","quoteQty":"0.05819996","time":1606749464451,"isBuyerMaker":true,"isBestMatch":true},{"id":204285535,"price":"0.03068000","qty":"15.78800000","quoteQty":"0.48437584","time":1606749464643,"isBuyerMaker":true,"isBestMatch":true},{"id":204285536,"price":"0.03068000","qty":"0.51000000","quoteQty":"0.01564680","time":1606749464665,"isBuyerMaker":true,"isBestMatch":true},{"id":204285537,"price":"0.03068000","qty":"4.39100000","quoteQty":"0.13471588","time":1606749464721,"isBuyerMaker":true,"isBestMatch":true},{"id":204285538,"price":"0.03067900","qty":"0.18900000","quoteQty":"0.00579833","time":1606749464808,"isBuyerMaker":true,"isBestMatch":true},{"id":204285539,"price":"0.03067800","qty":"0.36900000","quoteQty":"0.01132018","time":1606749464958,"isBuyerMaker":false,"isBestMatch":true},{"id":204285540,"price":"0.03067800","qty":"1.05000000","quoteQty":"0.03221190","time":1606749464958,"isBuyerMaker":false,"isBestMatch":true},{"id":204285541,"price":"0.03067600","qty":"0.70000000","quoteQty":"0.02147320","time":1606749465146,"isBuyerMaker":false,"isBestMatch":true},{"id":204285542,"price":"0.03067500","qty":"3.00000000","quoteQty":"0.09202500","time":1606749465586,"isBuyerMaker":true,"isBestMatch":true},{"id":204285543,"price":"0.03067400","qty":"24.00000000","quoteQty":"0.73617600","time":1606749465586,"isBuyerMaker":true,"isBestMatch":true},{"id":204285544,"price":"0.03067400","qty":"8.22500000","quoteQty":"0.25229365","time":1606749465586,"isBuyerMaker":true,"isBestMatch":true},{"id":204285545,"price":"0.03067000","qty":"41.41500000","quoteQty":"1.27019805","time":1606749465586,"isBuyerMaker":true,"isBestMatch":true},{"id":204285546,"price":"0.03067100","qty":"0.17300000","quoteQty":"0.00530608","time":1606749465855,"isBuyerMaker":true,"isBestMatch":true},{"id":204285547,"price":"0.03067200","qty":"2.64000000","quoteQty":"0.08097408","time":1606749466265,"isBuyerMaker":false,"isBestMatch":true},{"id":204285548,"price":"0.03067100","qty":"1.71600000","quoteQty":"0.05263143","time":1606749467145,"isBuyerMaker":false,"isBestMatch":true},{"id":204285549,"price":"0.03067100","qty":"2.89400000","quoteQty":"0.08876187","time":1606749467226,"isBuyerMaker":false,"isBestMatch":true},{"id":204285550,"price":"0.03067100","qty":"0.92600000","quoteQty":"0.02840134","time":1606749467226,"isBuyerMaker":false,"isBestMatch":true},{"id":204285551,"price":"0.03067100","qty":"4.19200000","quoteQty":"0.12857283","time":1606749467390,"isBuyerMaker":false,"isBestMatch":true},{"id":204285552,"price":"0.03067000","qty":"0.38100000","quoteQty":"0.01168527","time":1606749467828,"isBuyerMaker":true,"isBestMatch":true},{"id":204285553,"price":"0.03067000","qty":"1.61900000","quoteQty":"0.04965473","time":1606749468339,"isBuyerMaker":true,"isBestMatch":true},{"id":204285554,"price":"0.03066700","qty":"3.31200000","quoteQty":"0.10156910","time":1606749468612,"isBuyerMaker":true,"isBestMatch":true},{"id":204285555,"price":"0.03066700","qty":"0.26400000","quoteQty":"0.00809608","time":1606749468612,"isBuyerMaker":true,"isBestMatch":true},{"id":204285556,"price":"0.03066600","qty":"0.03200000","quoteQty":"0.00098131","time":1606749469123,"isBuyerMaker":false,"isBestMatch":true},{"id":204285557,"price":"0.03066600","qty":"0.01300000","quoteQty":"0.00039865","time":1606749469250,"isBuyerMaker":false,"isBestMatch":true},{"id":204285558,"price":"0.03066600","qty":"2.95500000","quoteQty":"0.09061803","time":1606749469372,"isBuyerMaker":false,"isBestMatch":true},{"id":204285559,"price":"0.03066600","qty":"5.95900000","quoteQty":"0.18273869","time":1606749469372,"isBuyerMaker":false,"isBestMatch":true},{"id":204285560,"price":"0.03066600","qty":"0.44900000","quoteQty":"0.01376903","time":1606749469457,"isBuyerMaker":false,"isBestMatch":true},{"id":204285561,"price":"0.03066800","qty":"16.96200000","quoteQty":"0.52019061","time":1606749469543,"isBuyerMaker":false,"isBestMatch":true},{"id":204285562,"price":"0.03066800","qty":"7.03800000","quoteQty":"0.21584138","time":1606749469644,"isBuyerMaker":false,"isBestMatch":true},{"id":204285563,"price":"0.03066800","qty":"0.04600000","quoteQty":"0.00141072","time":1606749470344,"isBuyerMaker":true,"isBestMatch":true},{"id":204285564,"price":"0.03067300","qty":"2.80600000","quoteQty":"0.08606843","time":1606749470898,"isBuyerMaker":true,"isBestMatch":true},{"id":204285565,"price":"0.03067500","qty":"0.04700000","quoteQty":"0.00144172","time":1606749471256,"isBuyerMaker":true,"isBestMatch":true},{"id":204285566,"price":"0.03067600","qty":"0.20500000","quoteQty":"0.00628858","time":1606749471410,"isBuyerMaker":false,"isBestMatch":true},{"id":204285567,"price":"0.03067600","qty":"4.79500000","quoteQty":"0.14709142","time":1606749471410,"isBuyerMaker":false,"isBestMatch":true},{"id":204285568,"price":"0.03067600","qty":"0.19300000","quoteQty":"0.00592046","time":1606749471811,"isBuyerMaker":true,"isBestMatch":true},{"id":204285569,"price":"0.03067500","qty":"0.26600000","quoteQty":"0.00815955","time":1606749471829,"isBuyerMaker":true,"isBestMatch":true},{"id":204285570,"price":"0.03067200","qty":"0.09700000","quoteQty":"0.00297518","time":1606749471864,"isBuyerMaker":true,"isBestMatch":true},{"id":204285571,"price":"0.03066900","qty":"1.71500000","quoteQty":"0.05259733","time":1606749472162,"isBuyerMaker":false,"isBestMatch":true},{"id":204285572,"price":"0.03067100","qty":"1.40400000","quoteQty":"0.04306208","time":1606749472362,"isBuyerMaker":false,"isBestMatch":true},{"id":204285573,"price":"0.03067100","qty":"1.59600000","quoteQty":"0.04895091","time":1606749472437,"isBuyerMaker":false,"isBestMatch":true},{"id":204285574,"price":"0.03067600","qty":"0.09700000","quoteQty":"0.00297557","time":1606749472470,"isBuyerMaker":false,"isBestMatch":true},{"id":204285575,"price":"0.03067700","qty":"0.15800000","quoteQty":"0.00484696","time":1606749472470,"isBuyerMaker":false,"isBestMatch":true},{"id":204285576,"price":"0.03067400","qty":"1.05600000","quoteQty":"0.03239174","time":1606749472805,"isBuyerMaker":true,"isBestMatch":true},{"id":204285577,"price":"0.03067600","qty":"0.99000000","quoteQty":"0.03036924","time":1606749472995,"isBuyerMaker":false,"isBestMatch":true},{"id":204285578,"price":"0.03068000","qty":"0.40000000","quoteQty":"0.01227200","time":1606749474264,"isBuyerMaker":false,"isBestMatch":true},{"id":204285579,"price":"0.03067800","qty":"3.30000000","quoteQty":"0.10123740","time":1606749474818,"isBuyerMaker":true,"isBestMatch":true},{"id":204285580,"price":"0.03067500","qty":"0.10700000","quoteQty":"0.00328222","time":1606749476149,"isBuyerMaker":false,"isBestMatch":true},{"id":204285581,"price":"0.03067400","qty":"0.05300000","quoteQty":"0.00162572","time":1606749476318,"isBuyerMaker":true,"isBestMatch":true},{"id":204285582,"price":"0.03067500","qty":"0.00800000","quoteQty":"0.00024540","time":1606749479022,"isBuyerMaker":false,"isBestMatch":true},{"id":204285583,"price":"0.03067400","qty":"2.00000000","quoteQty":"0.06134800","time":1606749480079,"isBuyerMaker":true,"isBestMatch":true},{"id":204285584,"price":"0.03067500","qty":"1.82700000","quoteQty":"0.05604322","time":1606749480081,"isBuyerMaker":false,"isBestMatch":true},{"id":204285585,"price":"0.03067400","qty":"2.00000000","quoteQty":"0.06134800","time":1606749480192,"isBuyerMaker":true,"isBestMatch":true},{"id":204285586,"price":"0.03067500","qty":"3.51600000","quoteQty":"0.10785330","time":1606749481148,"isBuyerMaker":false,"isBestMatch":true},{"id":204285587,"price":"0.03067500","qty":"0.24000000","quoteQty":"0.00736200","time":1606749481359,"isBuyerMaker":false,"isBestMatch":true},{"id":204285588,"price":"0.03067500","qty":"0.48900000","quoteQty":"0.01500007","time":1606749481680,"isBuyerMaker":false,"isBestMatch":true},{"id":204285589,"price":"0.03067400","qty":"0.51700000","quoteQty":"0.01585845","time":1606749482305,"isBuyerMaker":true,"isBestMatch":true},{"id":204285590,"price":"0.03067400","qty":"0.01000000","quoteQty":"0.00030674","time":1606749482569,"isBuyerMaker":true,"isBestMatch":true},{"id":204285591,"price":"0.03067400","qty":"0.12700000","quoteQty":"0.00389559","time":1606749483231,"isBuyerMaker":true,"isBestMatch":true},{"id":204285592,"price":"0.03067500","qty":"1.67400000","quoteQty":"0.05134995","time":1606749483333,"isBuyerMaker":false,"isBestMatch":true},{"id":204285593,"price":"0.03067500","qty":"1.43100000","quoteQty":"0.04389592","time":1606749483404,"isBuyerMaker":false,"isBestMatch":true},{"id":204285594,"price":"0.03067500","qty":"1.80900000","quoteQty":"0.05549107","time":1606749484658,"isBuyerMaker":false,"isBestMatch":true},{"id":204285595,"price":"0.03067500","qty":"0.01700000","quoteQty":"0.00052147","time":1606749484945,"isBuyerMaker":false,"isBestMatch":true},{"id":204285596,"price":"0.03067500","qty":"8.08800000","quoteQty":"0.24809940","time":1606749485102,"isBuyerMaker":false,"isBestMatch":true},{"id":204285597,"price":"0.03067500","qty":"2.42000000","quoteQty":"0.07423350","time":1606749485309,"isBuyerMaker":false,"isBestMatch":true},{"id":204285598,"price":"0.03067500","qty":"4.86500000","quoteQty":"0.14923387","time":1606749485513,"isBuyerMaker":false,"isBestMatch":true},{"id":204285599,"price":"0.03067700","qty":"1.71800000","quoteQty":"0.05270308","time":1606749485915,"isBuyerMaker":false,"isBestMatch":true},{"id":204285600,"price":"0.03067700","qty":"1.28000000","quoteQty":"0.03926656","time":1606749486002,"isBuyerMaker":false,"isBestMatch":true},{"id":204285601,"price":"0.03067700","qty":"3.69100000","quoteQty":"0.11322880","time":1606749486221,"isBuyerMaker":false,"isBestMatch":true},{"id":204285602,"price":"0.03068000","qty":"1.60000000","quoteQty":"0.04908800","time":1606749488825,"isBuyerMaker":false,"isBestMatch":true},{"id":204285603,"price":"0.03068500","qty":"1.00000000","quoteQty":"0.03068500","time":1606749488825,"isBuyerMaker":false,"isBestMatch":true},{"id":204285604,"price":"0.03068400","qty":"0.35100000","quoteQty":"0.01077008","time":1606749488854,"isBuyerMaker":false,"isBestMatch":true},{"id":204285605,"price":"0.03068700","qty":"0.26200000","quoteQty":"0.00803999","time":1606749488854,"isBuyerMaker":false,"isBestMatch":true},{"id":204285606,"price":"0.03068900","qty":"1.05200000","quoteQty":"0.03228482","time":1606749488854,"isBuyerMaker":false,"isBestMatch":true},{"id":204285607,"price":"0.03068900","qty":"0.25900000","quoteQty":"0.00794845","time":1606749488854,"isBuyerMaker":false,"isBestMatch":true},{"id":204285608,"price":"0.03069000","qty":"0.75000000","quoteQty":"0.02301750","time":1606749488854,"isBuyerMaker":false,"isBestMatch":true},{"id":204285609,"price":"0.03069000","qty":"0.65000000","quoteQty":"0.01994850","time":1606749488888,"isBuyerMaker":false,"isBestMatch":true},{"id":204285610,"price":"0.03068500","qty":"0.14300000","quoteQty":"0.00438795","time":1606749489027,"isBuyerMaker":false,"isBestMatch":true},{"id":204285611,"price":"0.03068900","qty":"0.45200000","quoteQty":"0.01387142","time":1606749489027,"isBuyerMaker":false,"isBestMatch":true},{"id":204285612,"price":"0.03068700","qty":"5.00000000","quoteQty":"0.15343500","time":1606749489658,"isBuyerMaker":true,"isBestMatch":true},{"id":204285613,"price":"0.03068600","qty":"0.20200000","quoteQty":"0.00619857","time":1606749490363,"isBuyerMaker":true,"isBestMatch":true},{"id":204285614,"price":"0.03068400","qty":"0.25200000","quoteQty":"0.00773236","time":1606749490836,"isBuyerMaker":true,"isBestMatch":true},{"id":204285615,"price":"0.03068400","qty":"1.29000000","quoteQty":"0.03958236","time":1606749490836,"isBuyerMaker":true,"isBestMatch":true},{"id":204285616,"price":"0.03068400","qty":"0.42800000","quoteQty":"0.01313275","time":1606749490915,"isBuyerMaker":true,"isBestMatch":true},{"id":204285617,"price":"0.03068500","qty":"0.04600000","quoteQty":"0.00141151","time":1606749490917,"isBuyerMaker":false,"isBestMatch":true},{"id":204285618,"price":"0.03068500","qty":"1.68400000","quoteQty":"0.05167354","time":1606749490917,"isBuyerMaker":false,"isBestMatch":true},{"id":204285619,"price":"0.03068500","qty":"1.49900000","quoteQty":"0.04599681","time":1606749491027,"isBuyerMaker":false,"isBestMatch":true},{"id":204285620,"price":"0.03068500","qty":"1.70500000","quoteQty":"0.05231792","time":1606749491135,"isBuyerMaker":false,"isBestMatch":true},{"id":204285621,"price":"0.03068500","qty":"1.45800000","quoteQty":"0.04473873","time":1606749491153,"isBuyerMaker":false,"isBestMatch":true},{"id":204285622,"price":"0.03068400","qty":"1.36600000","quoteQty":"0.04191434","time":1606749491200,"isBuyerMaker":true,"isBestMatch":true},{"id":204285623,"price":"0.03068400","qty":"0.35300000","quoteQty":"0.01083145","time":1606749491200,"isBuyerMaker":true,"isBestMatch":true},{"id":204285624,"price":"0.03068500","qty":"1.24700000","quoteQty":"0.03826419","time":1606749491201,"isBuyerMaker":false,"isBestMatch":true},{"id":204285625,"price":"0.03068500","qty":"1.49400000","quoteQty":"0.04584339","time":1606749491281,"isBuyerMaker":false,"isBestMatch":true},{"id":204285626,"price":"0.03068500","qty":"0.96000000","quoteQty":"0.02945760","time":1606749491281,"isBuyerMaker":false,"isBestMatch":true},{"id":204285627,"price":"0.03068000","qty":"0.02600000","quoteQty":"0.00079768","time":1606749492035,"isBuyerMaker":true,"isBestMatch":true},{"id":204285628,"price":"0.03068100","qty":"0.02100000","quoteQty":"0.00064430","time":1606749492175,"isBuyerMaker":false,"isBestMatch":true},{"id":204285629,"price":"0.03068000","qty":"0.07100000","quoteQty":"0.00217828","time":1606749492342,"isBuyerMaker":true,"isBestMatch":true},{"id":204285630,"price":"0.03067700","qty":"0.05300000","quoteQty":"0.00162588","time":1606749492342,"isBuyerMaker":true,"isBestMatch":true},{"id":204285631,"price":"0.03067900","qty":"3.43200000","quoteQty":"0.10529032","time":1606749492477,"isBuyerMaker":false,"isBestMatch":true},{"id":204285632,"price":"0.03067900","qty":"2.57400000","quoteQty":"0.07896774","time":1606749492478,"isBuyerMaker":false,"isBestMatch":true},{"id":204285633,"price":"0.03067900","qty":"0.85800000","quoteQty":"0.02632258","time":1606749492480,"isBuyerMaker":false,"isBestMatch":true},{"id":204285634,"price":"0.03067900","qty":"1.71600000","quoteQty":"0.05264516","time":1606749492485,"isBuyerMaker":false,"isBestMatch":true},{"id":204285635,"price":"0.03067800","qty":"3.29900000","quoteQty":"0.10120672","time":1606749492723,"isBuyerMaker":true,"isBestMatch":true},{"id":204285636,"price":"0.03068100","qty":"0.60600000","quoteQty":"0.01859268","time":1606749493030,"isBuyerMaker":false,"isBestMatch":true},{"id":204285637,"price":"0.03068100","qty":"2.51800000","quoteQty":"0.07725475","time":1606749493419,"isBuyerMaker":false,"isBestMatch":true},{"id":204285638,"price":"0.03068100","qty":"0.01200000","quoteQty":"0.00036817","time":1606749493427,"isBuyerMaker":false,"isBestMatch":true},{"id":204285639,"price":"0.03068300","qty":"0.05400000","quoteQty":"0.00165688","time":1606749494064,"isBuyerMaker":false,"isBestMatch":true},{"id":204285640,"price":"0.03068300","qty":"0.01800000","quoteQty":"0.00055229","time":1606749494151,"isBuyerMaker":false,"isBestMatch":true},{"id":204285641,"price":"0.03068300","qty":"1.30600000","quoteQty":"0.04007199","time":1606749494854,"isBuyerMaker":false,"isBestMatch":true},{"id":204285642,"price":"0.03068300","qty":"0.48600000","quoteQty":"0.01491193","time":1606749495727,"isBuyerMaker":true,"isBestMatch":true},{"id":204285643,"price":"0.03068200","qty":"1.43400000","quoteQty":"0.04399798","time":1606749495727,"isBuyerMaker":true,"isBestMatch":true},{"id":204285644,"price":"0.03068900","qty":"0.04400000","quoteQty":"0.00135031","time":1606749496799,"isBuyerMaker":false,"isBestMatch":true},{"id":204285645,"price":"0.03068600","qty":"6.00000000","quoteQty":"0.18411600","time":1606749496954,"isBuyerMaker":true,"isBestMatch":true},{"id":204285646,"price":"0.03068600","qty":"23.52600000","quoteQty":"0.72191883","time":1606749496954,"isBuyerMaker":true,"isBestMatch":true},{"id":204285647,"price":"0.03068600","qty":"0.06000000","quoteQty":"0.00184116","time":1606749497470,"isBuyerMaker":true,"isBestMatch":true},{"id":204285648,"price":"0.03068600","qty":"0.41400000","quoteQty":"0.01270400","time":1606749497617,"isBuyerMaker":true,"isBestMatch":true},{"id":204285649,"price":"0.03068600","qty":"0.21700000","quoteQty":"0.00665886","time":1606749497617,"isBuyerMaker":true,"isBestMatch":true},{"id":204285650,"price":"0.03068300","qty":"0.81400000","quoteQty":"0.02497596","time":1606749497617,"isBuyerMaker":true,"isBestMatch":true},{"id":204285651,"price":"0.03068200","qty":"2.00800000","quoteQty":"0.06160945","time":1606749497617,"isBuyerMaker":true,"isBestMatch":true},{"id":204285652,"price":"0.03068600","qty":"0.34700000","quoteQty":"0.01064804","time":1606749497710,"isBuyerMaker":false,"isBestMatch":true},{"id":204285653,"price":"0.03068400","qty":"0.12900000","quoteQty":"0.00395823","time":1606749497711,"isBuyerMaker":false,"isBestMatch":true},{"id":204285654,"price":"0.03068300","qty":"4.86200000","quoteQty":"0.14918074","time":1606749497742,"isBuyerMaker":true,"isBestMatch":true},{"id":204285655,"price":"0.03068200","qty":"0.11200000","quoteQty":"0.00343638","time":1606749497742,"isBuyerMaker":true,"isBestMatch":true},{"id":204285656,"price":"0.03068400","qty":"0.00400000","quoteQty":"0.00012273","time":1606749497764,"isBuyerMaker":false,"isBestMatch":true},{"id":204285657,"price":"0.03068300","qty":"1.56300000","quoteQty":"0.04795752","time":1606749497807,"isBuyerMaker":false,"isBestMatch":true},{"id":204285658,"price":"0.03068800","qty":"0.22100000","quoteQty":"0.00678204","time":1606749498335,"isBuyerMaker":false,"isBestMatch":true},{"id":204285659,"price":"0.03068800","qty":"4.08300000","quoteQty":"0.12529910","time":1606749498536,"isBuyerMaker":false,"isBestMatch":true},{"id":204285660,"price":"0.03068800","qty":"9.10200000","quoteQty":"0.27932217","time":1606749498536,"isBuyerMaker":false,"isBestMatch":true},{"id":204285661,"price":"0.03068900","qty":"0.06600000","quoteQty":"0.00202547","time":1606749498634,"isBuyerMaker":false,"isBestMatch":true},{"id":204285662,"price":"0.03068900","qty":"0.03100000","quoteQty":"0.00095135","time":1606749499038,"isBuyerMaker":false,"isBestMatch":true},{"id":204285663,"price":"0.03068900","qty":"1.26600000","quoteQty":"0.03885227","time":1606749499038,"isBuyerMaker":false,"isBestMatch":true},{"id":204285664,"price":"0.03068600","qty":"0.42400000","quoteQty":"0.01301086","time":1606749499489,"isBuyerMaker":true,"isBestMatch":true},{"id":204285665,"price":"0.03068300","qty":"0.09700000","quoteQty":"0.00297625","time":1606749499489,"isBuyerMaker":true,"isBestMatch":true},{"id":204285666,"price":"0.03068300","qty":"0.03900000","quoteQty":"0.00119663","time":1606749499489,"isBuyerMaker":true,"isBestMatch":true},{"id":204285667,"price":"0.03068200","qty":"1.07200000","quoteQty":"0.03289110","time":1606749499489,"isBuyerMaker":true,"isBestMatch":true},{"id":204285668,"price":"0.03069000","qty":"0.60000000","quoteQty":"0.01841400","time":1606749500049,"isBuyerMaker":false,"isBestMatch":true},{"id":204285669,"price":"0.03069500","qty":"0.21500000","quoteQty":"0.00659942","time":1606749500049,"isBuyerMaker":false,"isBestMatch":true},{"id":204285670,"price":"0.03069500","qty":"0.49400000","quoteQty":"0.01516333","time":1606749500069,"isBuyerMaker":false,"isBestMatch":true},{"id":204285671,"price":"0.03069500","qty":"0.71000000","quoteQty":"0.02179345","time":1606749500252,"isBuyerMaker":false,"isBestMatch":true},{"id":204285672,"price":"0.03069500","qty":"0.88000000","quoteQty":"0.02701160","time":1606749500273,"isBuyerMaker":false,"isBestMatch":true},{"id":204285673,"price":"0.03069500","qty":"1.38500000","quoteQty":"0.04251257","time":1606749500282,"isBuyerMaker":false,"isBestMatch":true},{"id":204285674,"price":"0.03069400","qty":"0.05300000","quoteQty":"0.00162678","time":1606749500346,"isBuyerMaker":true,"isBestMatch":true},{"id":204285675,"price":"0.03069500","qty":"0.17900000","quoteQty":"0.00549440","time":1606749500824,"isBuyerMaker":false,"isBestMatch":true},{"id":204285676,"price":"0.03069500","qty":"1.06300000","quoteQty":"0.03262878","time":1606749500935,"isBuyerMaker":false,"isBestMatch":true},{"id":204285677,"price":"0.03069500","qty":"3.07000000","quoteQty":"0.09423365","time":1606749501235,"isBuyerMaker":false,"isBestMatch":true},{"id":204285678,"price":"0.03069500","qty":"17.00000000","quoteQty":"0.52181500","time":1606749501235,"isBuyerMaker":false,"isBestMatch":true},{"id":204285679,"price":"0.03069500","qty":"1.00000000","quoteQty":"0.03069500","time":1606749501235,"isBuyerMaker":false,"isBestMatch":true},{"id":204285680,"price":"0.03069700","qty":"6.00000000","quoteQty":"0.18418200","time":1606749501394,"isBuyerMaker":true,"isBestMatch":true},{"id":204285681,"price":"0.03069700","qty":"8.23400000","quoteQty":"0.25275909","time":1606749501394,"isBuyerMaker":true,"isBestMatch":true},{"id":204285682,"price":"0.03069600","qty":"0.01700000","quoteQty":"0.00052183","time":1606749501589,"isBuyerMaker":true,"isBestMatch":true},{"id":204285683,"price":"0.03069800","qty":"0.84600000","quoteQty":"0.02597050","time":1606749502087,"isBuyerMaker":false,"isBestMatch":true},{"id":204285684,"price":"0.03069900","qty":"0.03800000","quoteQty":"0.00116656","time":1606749502334,"isBuyerMaker":true,"isBestMatch":true},{"id":204285685,"price":"0.03070000","qty":"0.84600000","quoteQty":"0.02597220","time":1606749502511,"isBuyerMaker":false,"isBestMatch":true},{"id":204285686,"price":"0.03070000","qty":"1.15400000","quoteQty":"0.03542780","time":1606749502537,"isBuyerMaker":false,"isBestMatch":true},{"id":204285687,"price":"0.03070000","qty":"0.63600000","quoteQty":"0.01952520","time":1606749502537,"isBuyerMaker":false,"isBestMatch":true},{"id":204285688,"price":"0.03070000","qty":"0.38000000","quoteQty":"0.01166600","time":1606749502604,"isBuyerMaker":false,"isBestMatch":true},{"id":204285689,"price":"0.03070000","qty":"0.01200000","quoteQty":"0.00036840","time":1606749502626,"isBuyerMaker":false,"isBestMatch":true},{"id":204285690,"price":"0.03070500","qty":"0.07000000","quoteQty":"0.00214935","time":1606749502626,"isBuyerMaker":false,"isBestMatch":true},{"id":204285691,"price":"0.03070500","qty":"0.93000000","quoteQty":"0.02855565","time":1606749502629,"isBuyerMaker":false,"isBestMatch":true},{"id":204285692,"price":"0.03071000","qty":"0.28100000","quoteQty":"0.00862951","time":1606749502629,"isBuyerMaker":false,"isBestMatch":true},{"id":204285693,"price":"0.03071000","qty":"0.85800000","quoteQty":"0.02634918","time":1606749502637,"isBuyerMaker":false,"isBestMatch":true},{"id":204285694,"price":"0.03070900","qty":"1.23800000","quoteQty":"0.03801774","time":1606749502970,"isBuyerMaker":false,"isBestMatch":true},{"id":204285695,"price":"0.03070100","qty":"23.99200000","quoteQty":"0.73657839","time":1606749503274,"isBuyerMaker":true,"isBestMatch":true},{"id":204285696,"price":"0.03070300","qty":"2.07400000","quoteQty":"0.06367802","time":1606749503366,"isBuyerMaker":true,"isBestMatch":true},{"id":204285697,"price":"0.03070200","qty":"3.00000000","quoteQty":"0.09210600","time":1606749503366,"isBuyerMaker":true,"isBestMatch":true},{"id":204285698,"price":"0.03070000","qty":"0.09700000","quoteQty":"0.00297790","time":1606749503366,"isBuyerMaker":true,"isBestMatch":true},{"id":204285699,"price":"0.03069800","qty":"0.14900000","quoteQty":"0.00457400","time":1606749503436,"isBuyerMaker":false,"isBestMatch":true},{"id":204285700,"price":"0.03069800","qty":"3.25400000","quoteQty":"0.09989129","time":1606749503734,"isBuyerMaker":false,"isBestMatch":true},{"id":204285701,"price":"0.03069700","qty":"0.01000000","quoteQty":"0.00030697","time":1606749503824,"isBuyerMaker":true,"isBestMatch":true},{"id":204285702,"price":"0.03069800","qty":"0.84600000","quoteQty":"0.02597050","time":1606749503948,"isBuyerMaker":false,"isBestMatch":true},{"id":204285703,"price":"0.03069800","qty":"0.84600000","quoteQty":"0.02597050","time":1606749504061,"isBuyerMaker":false,"isBestMatch":true},{"id":204285704,"price":"0.03069800","qty":"1.00000000","quoteQty":"0.03069800","time":1606749504126,"isBuyerMaker":false,"isBestMatch":true},{"id":204285705,"price":"0.03069800","qty":"0.84600000","quoteQty":"0.02597050","time":1606749504127,"isBuyerMaker":false,"isBestMatch":true},{"id":204285706,"price":"0.03069800","qty":"2.07400000","quoteQty":"0.06366765","time":1606749504131,"isBuyerMaker":false,"isBestMatch":true},{"id":204285707,"price":"0.03069800","qty":"0.10900000","quoteQty":"0.00334608","time":1606749504554,"isBuyerMaker":true,"isBestMatch":true},{"id":204285708,"price":"0.03069800","qty":"3.48600000","quoteQty":"0.10701322","time":1606749504559,"isBuyerMaker":true,"isBestMatch":true},{"id":204285709,"price":"0.03070200","qty":"0.84600000","quoteQty":"0.02597389","time":1606749504942,"isBuyerMaker":false,"isBestMatch":true},{"id":204285710,"price":"0.03070200","qty":"0.84600000","quoteQty":"0.02597389","time":1606749504979,"isBuyerMaker":false,"isBestMatch":true},{"id":204285711,"price":"0.03069800","qty":"0.13200000","quoteQty":"0.00405213","time":1606749505243,"isBuyerMaker":true,"isBestMatch":true},{"id":204285712,"price":"0.03069700","qty":"8.22400000","quoteQty":"0.25245212","time":1606749505376,"isBuyerMaker":true,"isBestMatch":true},{"id":204285713,"price":"0.03069500","qty":"0.51000000","quoteQty":"0.01565445","time":1606749505376,"isBuyerMaker":true,"isBestMatch":true},{"id":204285714,"price":"0.03069500","qty":"0.26600000","quoteQty":"0.00816487","time":1606749505376,"isBuyerMaker":true,"isBestMatch":true},{"id":204285715,"price":"0.03070000","qty":"0.84600000","quoteQty":"0.02597220","time":1606749505381,"isBuyerMaker":false,"isBestMatch":true},{"id":204285716,"price":"0.03069600","qty":"0.82000000","quoteQty":"0.02517072","time":1606749505694,"isBuyerMaker":false,"isBestMatch":true},{"id":204285717,"price":"0.03069600","qty":"0.02600000","quoteQty":"0.00079809","time":1606749505726,"isBuyerMaker":false,"isBestMatch":true},{"id":204285718,"price":"0.03069600","qty":"6.87700000","quoteQty":"0.21109639","time":1606749505726,"isBuyerMaker":false,"isBestMatch":true},{"id":204285719,"price":"0.03069900","qty":"0.19300000","quoteQty":"0.00592490","time":1606749506614,"isBuyerMaker":false,"isBestMatch":true},{"id":204285720,"price":"0.03069900","qty":"1.72000000","quoteQty":"0.05280228","time":1606749506810,"isBuyerMaker":false,"isBestMatch":true},{"id":204285721,"price":"0.03069900","qty":"0.84600000","quoteQty":"0.02597135","time":1606749506930,"isBuyerMaker":false,"isBestMatch":true},{"id":204285722,"price":"0.03070100","qty":"0.09700000","quoteQty":"0.00297799","time":1606749507223,"isBuyerMaker":false,"isBestMatch":true},{"id":204285723,"price":"0.03070300","qty":"3.00000000","quoteQty":"0.09210900","time":1606749507289,"isBuyerMaker":true,"isBestMatch":true},{"id":204285724,"price":"0.03070100","qty":"6.50300000","quoteQty":"0.19964860","time":1606749507289,"isBuyerMaker":true,"isBestMatch":true},{"id":204285725,"price":"0.03070200","qty":"1.93900000","quoteQty":"0.05953117","time":1606749507629,"isBuyerMaker":true,"isBestMatch":true},{"id":204285726,"price":"0.03070100","qty":"0.09700000","quoteQty":"0.00297799","time":1606749507747,"isBuyerMaker":true,"isBestMatch":true},{"id":204285727,"price":"0.03069700","qty":"8.23400000","quoteQty":"0.25275909","time":1606749507926,"isBuyerMaker":true,"isBestMatch":true},{"id":204285728,"price":"0.03069700","qty":"0.19700000","quoteQty":"0.00604730","time":1606749507926,"isBuyerMaker":true,"isBestMatch":true},{"id":204285729,"price":"0.03069500","qty":"1.00000000","quoteQty":"0.03069500","time":1606749507948,"isBuyerMaker":true,"isBestMatch":true},{"id":204285730,"price":"0.03069400","qty":"14.66100000","quoteQty":"0.45000473","time":1606749508511,"isBuyerMaker":false,"isBestMatch":true},{"id":204285731,"price":"0.03069300","qty":"0.38700000","quoteQty":"0.01187819","time":1606749508558,"isBuyerMaker":true,"isBestMatch":true},{"id":204285732,"price":"0.03070000","qty":"0.19400000","quoteQty":"0.00595580","time":1606749509151,"isBuyerMaker":false,"isBestMatch":true},{"id":204285733,"price":"0.03069900","qty":"0.37700000","quoteQty":"0.01157352","time":1606749509303,"isBuyerMaker":true,"isBestMatch":true},{"id":204285734,"price":"0.03069900","qty":"0.16800000","quoteQty":"0.00515743","time":1606749509303,"isBuyerMaker":true,"isBestMatch":true},{"id":204285735,"price":"0.03070000","qty":"2.31100000","quoteQty":"0.07094770","time":1606749509362,"isBuyerMaker":false,"isBestMatch":true},{"id":204285736,"price":"0.03070000","qty":"1.54700000","quoteQty":"0.04749290","time":1606749509411,"isBuyerMaker":false,"isBestMatch":true},{"id":204285737,"price":"0.03070000","qty":"0.32600000","quoteQty":"0.01000820","time":1606749509413,"isBuyerMaker":false,"isBestMatch":true},{"id":204285738,"price":"0.03069400","qty":"0.09700000","quoteQty":"0.00297731","time":1606749509824,"isBuyerMaker":true,"isBestMatch":true},{"id":204285739,"price":"0.03069400","qty":"3.30300000","quoteQty":"0.10138228","time":1606749509824,"isBuyerMaker":true,"isBestMatch":true},{"id":204285740,"price":"0.03069500","qty":"0.13800000","quoteQty":"0.00423591","time":1606749510023,"isBuyerMaker":true,"isBestMatch":true},{"id":204285741,"price":"0.03069100","qty":"6.00000000","quoteQty":"0.18414600","time":1606749510505,"isBuyerMaker":false,"isBestMatch":true},{"id":204285742,"price":"0.03069100","qty":"0.05900000","quoteQty":"0.00181076","time":1606749510505,"isBuyerMaker":false,"isBestMatch":true},{"id":204285743,"price":"0.03069100","qty":"0.17900000","quoteQty":"0.00549368","time":1606749510532,"isBuyerMaker":false,"isBestMatch":true},{"id":204285744,"price":"0.03069100","qty":"17.34100000","quoteQty":"0.53221263","time":1606749510645,"isBuyerMaker":false,"isBestMatch":true},{"id":204285745,"price":"0.03069100","qty":"1.63600000","quoteQty":"0.05021047","time":1606749510845,"isBuyerMaker":false,"isBestMatch":true},{"id":204285746,"price":"0.03069100","qty":"0.84700000","quoteQty":"0.02599527","time":1606749511245,"isBuyerMaker":false,"isBestMatch":true},{"id":204285747,"price":"0.03069300","qty":"1.77700000","quoteQty":"0.05454146","time":1606749511332,"isBuyerMaker":false,"isBestMatch":true},{"id":204285748,"price":"0.03069300","qty":"0.26400000","quoteQty":"0.00810295","time":1606749511335,"isBuyerMaker":false,"isBestMatch":true},{"id":204285749,"price":"0.03069200","qty":"0.31200000","quoteQty":"0.00957590","time":1606749511382,"isBuyerMaker":true,"isBestMatch":true},{"id":204285750,"price":"0.03069700","qty":"0.25800000","quoteQty":"0.00791982","time":1606749512113,"isBuyerMaker":false,"isBestMatch":true},{"id":204285751,"price":"0.03070000","qty":"0.09700000","quoteQty":"0.00297790","time":1606749512473,"isBuyerMaker":false,"isBestMatch":true},{"id":204285752,"price":"0.03070000","qty":"4.88500000","quoteQty":"0.14996950","time":1606749512473,"isBuyerMaker":false,"isBestMatch":true},{"id":204285753,"price":"0.03070100","qty":"0.06400000","quoteQty":"0.00196486","time":1606749512652,"isBuyerMaker":false,"isBestMatch":true},{"id":204285754,"price":"0.03069800","qty":"2.35300000","quoteQty":"0.07223239","time":1606749513325,"isBuyerMaker":false,"isBestMatch":true},{"id":204285755,"price":"0.03069700","qty":"0.85700000","quoteQty":"0.02630732","time":1606749513442,"isBuyerMaker":true,"isBestMatch":true},{"id":204285756,"price":"0.03069700","qty":"2.57300000","quoteQty":"0.07898338","time":1606749513444,"isBuyerMaker":true,"isBestMatch":true},{"id":204285757,"price":"0.03069700","qty":"9.00400000","quoteQty":"0.27639578","time":1606749513452,"isBuyerMaker":true,"isBestMatch":true},{"id":204285758,"price":"0.03069700","qty":"0.01200000","quoteQty":"0.00036836","time":1606749514253,"isBuyerMaker":true,"isBestMatch":true},{"id":204285759,"price":"0.03069800","qty":"0.14200000","quoteQty":"0.00435911","time":1606749514613,"isBuyerMaker":false,"isBestMatch":true},{"id":204285760,"price":"0.03069700","qty":"8.22200000","quoteQty":"0.25239073","time":1606749515333,"isBuyerMaker":true,"isBestMatch":true},{"id":204285761,"price":"0.03069500","qty":"0.00400000","quoteQty":"0.00012278","time":1606749515398,"isBuyerMaker":false,"isBestMatch":true},{"id":204285762,"price":"0.03069500","qty":"0.15000000","quoteQty":"0.00460425","time":1606749515544,"isBuyerMaker":false,"isBestMatch":true},{"id":204285763,"price":"0.03069400","qty":"0.09700000","quoteQty":"0.00297731","time":1606749515794,"isBuyerMaker":true,"isBestMatch":true},{"id":204285764,"price":"0.03069100","qty":"0.04200000","quoteQty":"0.00128902","time":1606749516107,"isBuyerMaker":false,"isBestMatch":true},{"id":204285765,"price":"0.03069100","qty":"0.11600000","quoteQty":"0.00356015","time":1606749516791,"isBuyerMaker":false,"isBestMatch":true},{"id":204285766,"price":"0.03069100","qty":"7.81000000","quoteQty":"0.23969671","time":1606749516977,"isBuyerMaker":false,"isBestMatch":true},{"id":204285767,"price":"0.03069400","qty":"0.04300000","quoteQty":"0.00131984","time":1606749517150,"isBuyerMaker":false,"isBestMatch":true},{"id":204285768,"price":"0.03069500","qty":"2.44300000","quoteQty":"0.07498788","time":1606749517293,"isBuyerMaker":false,"isBestMatch":true},{"id":204285769,"price":"0.03069500","qty":"5.00000000","quoteQty":"0.15347500","time":1606749517470,"isBuyerMaker":false,"isBestMatch":true},{"id":204285770,"price":"0.03069500","qty":"0.40000000","quoteQty":"0.01227800","time":1606749517565,"isBuyerMaker":false,"isBestMatch":true},{"id":204285771,"price":"0.03069500","qty":"0.31000000","quoteQty":"0.00951545","time":1606749517634,"isBuyerMaker":false,"isBestMatch":true},{"id":204285772,"price":"0.03069200","qty":"3.00000000","quoteQty":"0.09207600","time":1606749518886,"isBuyerMaker":false,"isBestMatch":true},{"id":204285773,"price":"0.03069300","qty":"24.00000000","quoteQty":"0.73663200","time":1606749518886,"isBuyerMaker":false,"isBestMatch":true},{"id":204285774,"price":"0.03069500","qty":"24.00000000","quoteQty":"0.73668000","time":1606749518886,"isBuyerMaker":false,"isBestMatch":true},{"id":204285775,"price":"0.03069500","qty":"0.39900000","quoteQty":"0.01224730","time":1606749518886,"isBuyerMaker":false,"isBestMatch":true},{"id":204285776,"price":"0.03070500","qty":"1.00000000","quoteQty":"0.03070500","time":1606749518886,"isBuyerMaker":false,"isBestMatch":true},{"id":204285777,"price":"0.03070700","qty":"7.52900000","quoteQty":"0.23119300","time":1606749518886,"isBuyerMaker":false,"isBestMatch":true},{"id":204285778,"price":"0.03071000","qty":"0.86100000","quoteQty":"0.02644131","time":1606749518886,"isBuyerMaker":false,"isBestMatch":true},{"id":204285779,"price":"0.03071100","qty":"0.10600000","quoteQty":"0.00325536","time":1606749518886,"isBuyerMaker":false,"isBestMatch":true},{"id":204285780,"price":"0.03071400","qty":"0.20000000","quoteQty":"0.00614280","time":1606749518886,"isBuyerMaker":false,"isBestMatch":true},{"id":204285781,"price":"0.03071400","qty":"0.09500000","quoteQty":"0.00291783","time":1606749518886,"isBuyerMaker":false,"isBestMatch":true},{"id":204285782,"price":"0.03071400","qty":"3.92700000","quoteQty":"0.12061387","time":1606749518886,"isBuyerMaker":false,"isBestMatch":true},{"id":204285783,"price":"0.03070200","qty":"0.03700000","quoteQty":"0.00113597","time":1606749519175,"isBuyerMaker":false,"isBestMatch":true},{"id":204285784,"price":"0.03070000","qty":"2.00000000","quoteQty":"0.06140000","time":1606749520477,"isBuyerMaker":true,"isBestMatch":true},{"id":204285785,"price":"0.03069800","qty":"0.10500000","quoteQty":"0.00322329","time":1606749520477,"isBuyerMaker":true,"isBestMatch":true},{"id":204285786,"price":"0.03069700","qty":"1.99600000","quoteQty":"0.06127121","time":1606749520477,"isBuyerMaker":true,"isBestMatch":true},{"id":204285787,"price":"0.03069500","qty":"0.09700000","quoteQty":"0.00297741","time":1606749520477,"isBuyerMaker":true,"isBestMatch":true},{"id":204285788,"price":"0.03069500","qty":"0.68900000","quoteQty":"0.02114885","time":1606749520477,"isBuyerMaker":true,"isBestMatch":true},{"id":204285789,"price":"0.03069500","qty":"0.31100000","quoteQty":"0.00954614","time":1606749520484,"isBuyerMaker":true,"isBestMatch":true},{"id":204285790,"price":"0.03069200","qty":"7.67800000","quoteQty":"0.23565317","time":1606749520484,"isBuyerMaker":true,"isBestMatch":true},{"id":204285791,"price":"0.03070000","qty":"0.20200000","quoteQty":"0.00620140","time":1606749520535,"isBuyerMaker":true,"isBestMatch":true},{"id":204285792,"price":"0.03069200","qty":"17.49800000","quoteQty":"0.53704861","time":1606749520566,"isBuyerMaker":true,"isBestMatch":true},{"id":204285793,"price":"0.03069300","qty":"1.95300000","quoteQty":"0.05994342","time":1606749521327,"isBuyerMaker":false,"isBestMatch":true},{"id":204285794,"price":"0.03069300","qty":"6.94300000","quoteQty":"0.21310149","time":1606749521334,"isBuyerMaker":false,"isBestMatch":true},{"id":204285795,"price":"0.03069300","qty":"1.87400000","quoteQty":"0.05751868","time":1606749521334,"isBuyerMaker":false,"isBestMatch":true},{"id":204285796,"price":"0.03069400","qty":"0.20600000","quoteQty":"0.00632296","time":1606749521334,"isBuyerMaker":false,"isBestMatch":true},{"id":204285797,"price":"0.03069300","qty":"6.62400000","quoteQty":"0.20331043","time":1606749521351,"isBuyerMaker":false,"isBestMatch":true},{"id":204285798,"price":"0.03069300","qty":"17.37600000","quoteQty":"0.53332156","time":1606749521429,"isBuyerMaker":false,"isBestMatch":true},{"id":204285799,"price":"0.03069300","qty":"0.13600000","quoteQty":"0.00417424","time":1606749521429,"isBuyerMaker":false,"isBestMatch":true},{"id":204285800,"price":"0.03069300","qty":"1.67800000","quoteQty":"0.05150285","time":1606749521711,"isBuyerMaker":false,"isBestMatch":true},{"id":204285801,"price":"0.03069300","qty":"1.32200000","quoteQty":"0.04057614","time":1606749521731,"isBuyerMaker":false,"isBestMatch":true},{"id":204285802,"price":"0.03069400","qty":"24.00000000","quoteQty":"0.73665600","time":1606749521731,"isBuyerMaker":false,"isBestMatch":true},{"id":204285803,"price":"0.03069500","qty":"0.94300000","quoteQty":"0.02894538","time":1606749522036,"isBuyerMaker":false,"isBestMatch":true},{"id":204285804,"price":"0.03069500","qty":"0.06500000","quoteQty":"0.00199517","time":1606749522537,"isBuyerMaker":false,"isBestMatch":true},{"id":204285805,"price":"0.03069500","qty":"0.64200000","quoteQty":"0.01970619","time":1606749522633,"isBuyerMaker":true,"isBestMatch":true},{"id":204285806,"price":"0.03069400","qty":"75.50000000","quoteQty":"2.31739700","time":1606749522633,"isBuyerMaker":true,"isBestMatch":true},{"id":204285807,"price":"0.03069400","qty":"24.00000000","quoteQty":"0.73665600","time":1606749522633,"isBuyerMaker":true,"isBestMatch":true},{"id":204285808,"price":"0.03069400","qty":"6.00000000","quoteQty":"0.18416400","time":1606749522633,"isBuyerMaker":true,"isBestMatch":true},{"id":204285809,"price":"0.03069300","qty":"75.50000000","quoteQty":"2.31732150","time":1606749522633,"isBuyerMaker":true,"isBestMatch":true},{"id":204285810,"price":"0.03069300","qty":"1.60500000","quoteQty":"0.04926226","time":1606749522633,"isBuyerMaker":true,"isBestMatch":true},{"id":204285811,"price":"0.03069200","qty":"1.95100000","quoteQty":"0.05988009","time":1606749522633,"isBuyerMaker":true,"isBestMatch":true},{"id":204285812,"price":"0.03069200","qty":"15.48300000","quoteQty":"0.47520423","time":1606749522633,"isBuyerMaker":true,"isBestMatch":true},{"id":204285813,"price":"0.03069600","qty":"5.69600000","quoteQty":"0.17484441","time":1606749523275,"isBuyerMaker":true,"isBestMatch":true},{"id":204285814,"price":"0.03069300","qty":"3.00000000","quoteQty":"0.09207900","time":1606749524009,"isBuyerMaker":false,"isBestMatch":true},{"id":204285815,"price":"0.03069300","qty":"3.00000000","quoteQty":"0.09207900","time":1606749524009,"isBuyerMaker":false,"isBestMatch":true},{"id":204285816,"price":"0.03069300","qty":"49.50000000","quoteQty":"1.51930350","time":1606749524063,"isBuyerMaker":false,"isBestMatch":true},{"id":204285817,"price":"0.03069400","qty":"0.43300000","quoteQty":"0.01329050","time":1606749524273,"isBuyerMaker":false,"isBestMatch":true},{"id":204285818,"price":"0.03069600","qty":"0.42500000","quoteQty":"0.01304580","time":1606749524273,"isBuyerMaker":false,"isBestMatch":true},{"id":204285819,"price":"0.03069600","qty":"0.02100000","quoteQty":"0.00064461","time":1606749524279,"isBuyerMaker":false,"isBestMatch":true},{"id":204285820,"price":"0.03069600","qty":"0.43300000","quoteQty":"0.01329136","time":1606749524279,"isBuyerMaker":false,"isBestMatch":true},{"id":204285821,"price":"0.03069800","qty":"0.43400000","quoteQty":"0.01332293","time":1606749524279,"isBuyerMaker":false,"isBestMatch":true},{"id":204285822,"price":"0.03070000","qty":"0.06000000","quoteQty":"0.00184200","time":1606749524279,"isBuyerMaker":false,"isBestMatch":true},{"id":204285823,"price":"0.03070400","qty":"0.76900000","quoteQty":"0.02361137","time":1606749524279,"isBuyerMaker":false,"isBestMatch":true},{"id":204285824,"price":"0.03070300","qty":"1.95100000","quoteQty":"0.05990155","time":1606749524323,"isBuyerMaker":false,"isBestMatch":true},{"id":204285825,"price":"0.03070100","qty":"3.00000000","quoteQty":"0.09210300","time":1606749525733,"isBuyerMaker":false,"isBestMatch":true},{"id":204285826,"price":"0.03070100","qty":"1.48900000","quoteQty":"0.04571378","time":1606749525733,"isBuyerMaker":false,"isBestMatch":true},{"id":204285827,"price":"0.03069900","qty":"10.02100000","quoteQty":"0.30763467","time":1606749526428,"isBuyerMaker":true,"isBestMatch":true},{"id":204285828,"price":"0.03069500","qty":"0.09700000","quoteQty":"0.00297741","time":1606749527098,"isBuyerMaker":true,"isBestMatch":true},{"id":204285829,"price":"0.03069500","qty":"6.00000000","quoteQty":"0.18417000","time":1606749527098,"isBuyerMaker":true,"isBestMatch":true},{"id":204285830,"price":"0.03069100","qty":"1.71900000","quoteQty":"0.05275782","time":1606749528306,"isBuyerMaker":false,"isBestMatch":true},{"id":204285831,"price":"0.03069100","qty":"0.05000000","quoteQty":"0.00153455","time":1606749528792,"isBuyerMaker":false,"isBestMatch":true},{"id":204285832,"price":"0.03069100","qty":"0.12200000","quoteQty":"0.00374430","time":1606749528830,"isBuyerMaker":false,"isBestMatch":true},{"id":204285833,"price":"0.03069000","qty":"2.00000000","quoteQty":"0.06138000","time":1606749529178,"isBuyerMaker":true,"isBestMatch":true},{"id":204285834,"price":"0.03068700","qty":"0.17400000","quoteQty":"0.00533953","time":1606749529185,"isBuyerMaker":true,"isBestMatch":true},{"id":204285835,"price":"0.03068700","qty":"0.03000000","quoteQty":"0.00092061","time":1606749529319,"isBuyerMaker":false,"isBestMatch":true},{"id":204285836,"price":"0.03068700","qty":"0.17300000","quoteQty":"0.00530885","time":1606749529531,"isBuyerMaker":false,"isBestMatch":true},{"id":204285837,"price":"0.03068600","qty":"0.12400000","quoteQty":"0.00380506","time":1606749530987,"isBuyerMaker":true,"isBestMatch":true},{"id":204285838,"price":"0.03068600","qty":"3.00000000","quoteQty":"0.09205800","time":1606749531052,"isBuyerMaker":true,"isBestMatch":true},{"id":204285839,"price":"0.03068500","qty":"1.00000000","quoteQty":"0.03068500","time":1606749531173,"isBuyerMaker":true,"isBestMatch":true},{"id":204285840,"price":"0.03068300","qty":"0.23700000","quoteQty":"0.00727187","time":1606749531395,"isBuyerMaker":true,"isBestMatch":true},{"id":204285841,"price":"0.03068000","qty":"0.50000000","quoteQty":"0.01534000","time":1606749532414,"isBuyerMaker":true,"isBestMatch":true},{"id":204285842,"price":"0.03068100","qty":"0.02000000","quoteQty":"0.00061362","time":1606749532550,"isBuyerMaker":false,"isBestMatch":true},{"id":204285843,"price":"0.03068100","qty":"1.71900000","quoteQty":"0.05274063","time":1606749532597,"isBuyerMaker":false,"isBestMatch":true},{"id":204285844,"price":"0.03068100","qty":"4.26100000","quoteQty":"0.13073174","time":1606749532623,"isBuyerMaker":false,"isBestMatch":true},{"id":204285845,"price":"0.03068100","qty":"3.42500000","quoteQty":"0.10508242","time":1606749532623,"isBuyerMaker":false,"isBestMatch":true},{"id":204285846,"price":"0.03068000","qty":"0.17900000","quoteQty":"0.00549172","time":1606749533119,"isBuyerMaker":true,"isBestMatch":true},{"id":204285847,"price":"0.03068000","qty":"1.32100000","quoteQty":"0.04052828","time":1606749533192,"isBuyerMaker":true,"isBestMatch":true},{"id":204285848,"price":"0.03067500","qty":"0.17900000","quoteQty":"0.00549082","time":1606749533220,"isBuyerMaker":true,"isBestMatch":true},{"id":204285849,"price":"0.03067600","qty":"0.22300000","quoteQty":"0.00684074","time":1606749533765,"isBuyerMaker":false,"isBestMatch":true},{"id":204285850,"price":"0.03067600","qty":"2.77700000","quoteQty":"0.08518725","time":1606749534231,"isBuyerMaker":false,"isBestMatch":true},{"id":204285851,"price":"0.03067900","qty":"0.20600000","quoteQty":"0.00631987","time":1606749534298,"isBuyerMaker":false,"isBestMatch":true},{"id":204285852,"price":"0.03068300","qty":"0.64200000","quoteQty":"0.01969848","time":1606749535212,"isBuyerMaker":true,"isBestMatch":true},{"id":204285853,"price":"0.03067900","qty":"2.79700000","quoteQty":"0.08580916","time":1606749535506,"isBuyerMaker":false,"isBestMatch":true},{"id":204285854,"price":"0.03068300","qty":"1.28500000","quoteQty":"0.03942765","time":1606749535714,"isBuyerMaker":false,"isBestMatch":true},{"id":204285855,"price":"0.03068400","qty":"0.94000000","quoteQty":"0.02884296","time":1606749536336,"isBuyerMaker":true,"isBestMatch":true},{"id":204285856,"price":"0.03067800","qty":"0.03200000","quoteQty":"0.00098169","time":1606749537082,"isBuyerMaker":false,"isBestMatch":true},{"id":204285857,"price":"0.03067700","qty":"0.09700000","quoteQty":"0.00297566","time":1606749537560,"isBuyerMaker":true,"isBestMatch":true},{"id":204285858,"price":"0.03067700","qty":"0.14300000","quoteQty":"0.00438681","time":1606749537560,"isBuyerMaker":true,"isBestMatch":true},{"id":204285859,"price":"0.03067800","qty":"1.84300000","quoteQty":"0.05653955","time":1606749537611,"isBuyerMaker":false,"isBestMatch":true},{"id":204285860,"price":"0.03067700","qty":"0.26200000","quoteQty":"0.00803737","time":1606749537698,"isBuyerMaker":false,"isBestMatch":true},{"id":204285861,"price":"0.03067600","qty":"0.51000000","quoteQty":"0.01564476","time":1606749538572,"isBuyerMaker":true,"isBestMatch":true},{"id":204285862,"price":"0.03067600","qty":"3.37000000","quoteQty":"0.10337812","time":1606749538572,"isBuyerMaker":true,"isBestMatch":true}]