[{"id":203314117,"price":"0.03117300","qty":"0.00500000","quoteQty":"0.00015586","time":1606322280311,"isBuyerMaker":true,"isBestMatch":true},{"id":203314118,"price":"0.03117400","qty":"0.16500000","quoteQty":"0.00514371","time":1606322280723,"isBuyerMaker":false,"isBestMatch":true},{"id":203314119,"price":"0.03117300","qty":"0.89400000","quoteQty":"0.02786866","time":1606322281536,"isBuyerMaker":true,"isBestMatch":true},{"id":203314120,"price":"0.03117400","qty":"0.16500000","quoteQty":"0.00514371","time":1606322281727,"isBuyerMaker":false,"isBestMatch":true},{"id":203314121,"price":"0.03117000","qty":"23.72900000","quoteQty":"0.73963293","time":1606322282121,"isBuyerMaker":true,"isBestMatch":true},{"id":203314122,"price":"0.03117000","qty":"0.20400000","quoteQty":"0.00635868","time":1606322282121,"isBuyerMaker":true,"isBestMatch":true},{"id":203314123,"price":"0.03115900","qty":"0.14100000","quoteQty":"0.00439341","time":1606322282707,"isBuyerMaker":false,"isBestMatch":true},{"id":203314124,"price":"0.03115900","qty":"0.60600000","quoteQty":"0.01888235","time":1606322282788,"isBuyerMaker":false,"isBestMatch":true},{"id":203314125,"price":"0.03115900","qty":"3.34500000","quoteQty":"0.10422685","time":1606322282826,"isBuyerMaker":false,"isBestMatch":true},{"id":203314126,"price":"0.03115900","qty":"0.27400000","quoteQty":"0.00853756","time":1606322282851,"isBuyerMaker":false,"isBestMatch":true},{"id":203314127,"price":"0.03115900","qty":"1.14300000","quoteQty":"0.03561473","time":1606322282868,"isBuyerMaker":false,"isBestMatch":true},{"id":203314128,"price":"0.03115900","qty":"0.80900000","quoteQty":"0.02520763","time":1606322282868,"isBuyerMaker":false,"isBestMatch":true},{"id":203314129,"price":"0.03115900","qty":"0.03900000","quoteQty":"0.00121520","time":1606322282965,"isBuyerMaker":false,"isBestMatch":true},{"id":203314130,"price":"0.03115900","qty":"2.15200000","quoteQty":"0.06705416","time":1606322282967,"isBuyerMaker":false,"isBestMatch":true},{"id":203314131,"price":"0.03115900","qty":"0.69500000","quoteQty":"0.02165550","time":1606322282967,"isBuyerMaker":false,"isBestMatch":true},{"id":203314132,"price":"0.03115900","qty":"5.00000000","quoteQty":"0.15579500","time":1606322283330,"isBuyerMaker":false,"isBestMatch":true},{"id":203314133,"price":"0.03115900","qty":"2.26200000","quoteQty":"0.07048165","time":1606322283344,"isBuyerMaker":false,"isBestMatch":true},{"id":203314134,"price":"0.03115900","qty":"0.32100000","quoteQty":"0.01000203","time":1606322283371,"isBuyerMaker":false,"isBestMatch":true},{"id":203314135,"price":"0.03115900","qty":"3.00000000","quoteQty":"0.09347700","time":1606322283441,"isBuyerMaker":false,"isBestMatch":true},{"id":203314136,"price":"0.03116000","qty":"1.00000000","quoteQty":"0.03116000","time":1606322283464,"isBuyerMaker":false,"isBestMatch":true},{"id":203314137,"price":"0.03116000","qty":"0.92900000","quoteQty":"0.02894764","time":1606322283464,"isBuyerMaker":false,"isBestMatch":true},{"id":203314138,"price":"0.03116000","qty":"1.53700000","quoteQty":"0.04789292","time":1606322283547,"isBuyerMaker":false,"isBestMatch":true},{"id":203314139,"price":"0.03116000","qty":"2.96400000","quoteQty":"0.09235824","time":1606322284083,"isBuyerMaker":true,"isBestMatch":true},{"id":203314140,"price":"0.03116000","qty":"0.03400000","quoteQty":"0.00105944","time":1606322284229,"isBuyerMaker":true,"isBestMatch":true},{"id":203314141,"price":"0.03115900","qty":"0.22300000","quoteQty":"0.00694845","time":1606322285500,"isBuyerMaker":false,"isBestMatch":true},{"id":203314142,"price":"0.03116000","qty":"1.00000000","quoteQty":"0.03116000","time":1606322285500,"isBuyerMaker":false,"isBestMatch":true},{"id":203314143,"price":"0.03116000","qty":"0.57900000","quoteQty":"0.01804164","time":1606322285500,"isBuyerMaker":false,"isBestMatch":true},{"id":203314144,"price":"0.03115900","qty":"0.03300000","quoteQty":"0.00102824","time":1606322286227,"isBuyerMaker":true,"isBestMatch":true},{"id":203314145,"price":"0.03115600","qty":"0.03300000","quoteQty":"0.00102814","time":1606322287223,"isBuyerMaker":true,"isBestMatch":true},{"id":203314146,"price":"0.03115600","qty":"0.00500000","quoteQty":"0.00015578","time":1606322288293,"isBuyerMaker":true,"isBestMatch":true},{"id":203314147,"price":"0.03115700","qty":"0.00400000","quoteQty":"0.00012462","time":1606322288540,"isBuyerMaker":false,"isBestMatch":true},{"id":203314148,"price":"0.03115700","qty":"0.05600000","quoteQty":"0.00174479","time":1606322290017,"isBuyerMaker":false,"isBestMatch":true},{"id":203314149,"price":"0.03115600","qty":"0.17600000","quoteQty":"0.00548345","time":1606322291336,"isBuyerMaker":false,"isBestMatch":true},{"id":203314150,"price":"0.03115600","qty":"0.92800000","quoteQty":"0.02891276","time":1606322292167,"isBuyerMaker":false,"isBestMatch":true},{"id":203314151,"price":"0.03115500","qty":"0.04200000","quoteQty":"0.00130851","time":1606322292184,"isBuyerMaker":true,"isBestMatch":true},{"id":203314152,"price":"0.03115500","qty":"0.04300000","quoteQty":"0.00133966","time":1606322292511,"isBuyerMaker":true,"isBestMatch":true},{"id":203314153,"price":"0.03115500","qty":"0.23000000","quoteQty":"0.00716565","time":1606322292511,"isBuyerMaker":true,"isBestMatch":true},{"id":203314154,"price":"0.03115500","qty":"0.23000000","quoteQty":"0.00716565","time":1606322292788,"isBuyerMaker":true,"isBestMatch":true},{"id":203314155,"price":"0.03115400","qty":"1.81200000","quoteQty":"0.05645104","time":1606322292798,"isBuyerMaker":true,"isBestMatch":true},{"id":203314156,"price":"0.03115400","qty":"0.18800000","quoteQty":"0.00585695","time":1606322292854,"isBuyerMaker":true,"isBestMatch":true},{"id":203314157,"price":"0.03115000","qty":"7.18600000","quoteQty":"0.22384390","time":1606322292866,"isBuyerMaker":true,"isBestMatch":true},{"id":203314158,"price":"0.03115000","qty":"0.18800000","quoteQty":"0.00585620","time":1606322292956,"isBuyerMaker":true,"isBestMatch":true},{"id":203314159,"price":"0.03114600","qty":"0.07000000","quoteQty":"0.00218022","time":1606322292991,"isBuyerMaker":false,"isBestMatch":true},{"id":203314160,"price":"0.03114500","qty":"0.00600000","quoteQty":"0.00018687","time":1606322292991,"isBuyerMaker":true,"isBestMatch":true},{"id":203314161,"price":"0.03114500","qty":"0.19600000","quoteQty":"0.00610442","time":1606322293063,"isBuyerMaker":true,"isBestMatch":true},{"id":203314162,"price":"0.03114500","qty":"0.10700000","quoteQty":"0.00333251","time":1606322293221,"isBuyerMaker":true,"isBestMatch":true},{"id":203314163,"price":"0.03114400","qty":"1.81200000","quoteQty":"0.05643292","time":1606322293312,"isBuyerMaker":true,"isBestMatch":true},{"id":203314164,"price":"0.03114400","qty":"0.18800000","quoteQty":"0.00585507","time":1606322293359,"isBuyerMaker":true,"isBestMatch":true},{"id":203314165,"price":"0.03114300","qty":"0.27200000","quoteQty":"0.00847089","time":1606322293370,"isBuyerMaker":true,"isBestMatch":true},{"id":203314166,"price":"0.03114200","qty":"0.09500000","quoteQty":"0.00295849","time":1606322293370,"isBuyerMaker":true,"isBestMatch":true},{"id":203314167,"price":"0.03114200","qty":"0.20000000","quoteQty":"0.00622840","time":1606322293370,"isBuyerMaker":true,"isBestMatch":true},{"id":203314168,"price":"0.03114200","qty":"0.64100000","quoteQty":"0.01996202","time":1606322293370,"isBuyerMaker":true,"isBestMatch":true},{"id":203314169,"price":"0.03114200","qty":"0.01100000","quoteQty":"0.00034256","time":1606322293371,"isBuyerMaker":true,"isBestMatch":true},{"id":203314170,"price":"0.03114200","qty":"0.01900000","quoteQty":"0.00059169","time":1606322293375,"isBuyerMaker":true,"isBestMatch":true},{"id":203314171,"price":"0.03114200","qty":"0.08400000","quoteQty":"0.00261592","time":1606322293393,"isBuyerMaker":true,"isBestMatch":true},{"id":203314172,"price":"0.03114200","qty":"0.09500000","quoteQty":"0.00295849","time":1606322293460,"isBuyerMaker":true,"isBestMatch":true},{"id":203314173,"price":"0.03114200","qty":"0.06300000","quoteQty":"0.00196194","time":1606322293955,"isBuyerMaker":true,"isBestMatch":true},{"id":203314174,"price":"0.03114100","qty":"0.01900000","quoteQty":"0.00059167","time":1606322294138,"isBuyerMaker":true,"isBestMatch":true},{"id":203314175,"price":"0.03114100","qty":"0.01500000","quoteQty":"0.00046711","time":1606322294272,"isBuyerMaker":false,"isBestMatch":true},{"id":203314176,"price":"0.03114100","qty":"7.31000000","quoteQty":"0.22764071","time":1606322294832,"isBuyerMaker":false,"isBestMatch":true},{"id":203314177,"price":"0.03114000","qty":"0.00500000","quoteQty":"0.00015570","time":1606322295570,"isBuyerMaker":true,"isBestMatch":true},{"id":203314178,"price":"0.03114000","qty":"0.00200000","quoteQty":"0.00006228","time":1606322295603,"isBuyerMaker":true,"isBestMatch":true},{"id":203314179,"price":"0.03114000","qty":"0.00400000","quoteQty":"0.00012456","time":1606322295603,"isBuyerMaker":true,"isBestMatch":true},{"id":203314180,"price":"0.03114300","qty":"0.01600000","quoteQty":"0.00049828","time":1606322296679,"isBuyerMaker":false,"isBestMatch":true},{"id":203314181,"price":"0.03114300","qty":"5.00000000","quoteQty":"0.15571500","time":1606322296836,"isBuyerMaker":false,"isBestMatch":true},{"id":203314182,"price":"0.03114300","qty":"0.17600000","quoteQty":"0.00548116","time":1606322299485,"isBuyerMaker":false,"isBestMatch":true},{"id":203314183,"price":"0.03114300","qty":"0.01200000","quoteQty":"0.00037371","time":1606322300029,"isBuyerMaker":false,"isBestMatch":true},{"id":203314184,"price":"0.03114300","qty":"0.23400000","quoteQty":"0.00728746","time":1606322300689,"isBuyerMaker":false,"isBestMatch":true},{"id":203314185,"price":"0.03113800","qty":"0.00400000","quoteQty":"0.00012455","time":1606322301692,"isBuyerMaker":true,"isBestMatch":true},{"id":203314186,"price":"0.03113800","qty":"0.00100000","quoteQty":"0.00003113","time":1606322301692,"isBuyerMaker":true,"isBestMatch":true},{"id":203314187,"price":"0.03113900","qty":"0.13200000","quoteQty":"0.00411034","time":1606322303004,"isBuyerMaker":false,"isBestMatch":true},{"id":203314188,"price":"0.03113600","qty":"0.00600000","quoteQty":"0.00018681","time":1606322306081,"isBuyerMaker":true,"isBestMatch":true},{"id":203314189,"price":"0.03113600","qty":"0.11600000","quoteQty":"0.00361177","time":1606322306081,"isBuyerMaker":true,"isBestMatch":true},{"id":203314190,"price":"0.03113700","qty":"0.06300000","quoteQty":"0.00196163","time":1606322306104,"isBuyerMaker":false,"isBestMatch":true},{"id":203314191,"price":"0.03113600","qty":"0.06500000","quoteQty":"0.00202384","time":1606322306316,"isBuyerMaker":true,"isBestMatch":true},{"id":203314192,"price":"0.03113800","qty":"0.11400000","quoteQty":"0.00354973","time":1606322306704,"isBuyerMaker":true,"isBestMatch":true},{"id":203314193,"price":"0.03113900","qty":"3.93400000","quoteQty":"0.12250082","time":1606322307754,"isBuyerMaker":true,"isBestMatch":true},{"id":203314194,"price":"0.03113900","qty":"0.00500000","quoteQty":"0.00015569","time":1606322307981,"isBuyerMaker":true,"isBestMatch":true},{"id":203314195,"price":"0.03114000","qty":"0.00600000","quoteQty":"0.00018684","time":1606322309087,"isBuyerMaker":false,"isBestMatch":true},{"id":203314196,"price":"0.03114200","qty":"0.45300000","quoteQty":"0.01410732","time":1606322309087,"isBuyerMaker":false,"isBestMatch":true},{"id":203314197,"price":"0.03114300","qty":"0.76100000","quoteQty":"0.02369982","time":1606322309087,"isBuyerMaker":false,"isBestMatch":true},{"id":203314198,"price":"0.03114300","qty":"2.23400000","quoteQty":"0.06957346","time":1606322310340,"isBuyerMaker":false,"isBestMatch":true},{"id":203314199,"price":"0.03114500","qty":"0.74600000","quoteQty":"0.02323417","time":1606322313977,"isBuyerMaker":true,"isBestMatch":true},{"id":203314200,"price":"0.03114500","qty":"0.00500000","quoteQty":"0.00015572","time":1606322313984,"isBuyerMaker":true,"isBestMatch":true},{"id":203314201,"price":"0.03114300","qty":"0.51000000","quoteQty":"0.01588293","time":1606322315166,"isBuyerMaker":true,"isBestMatch":true},{"id":203314202,"price":"0.03114200","qty":"1.61400000","quoteQty":"0.05026318","time":1606322315166,"isBuyerMaker":true,"isBestMatch":true},{"id":203314203,"price":"0.03114300","qty":"0.19000000","quoteQty":"0.00591717","time":1606322315441,"isBuyerMaker":false,"isBestMatch":true},{"id":203314204,"price":"0.03114200","qty":"2.00000000","quoteQty":"0.06228400","time":1606322316382,"isBuyerMaker":true,"isBestMatch":true},{"id":203314205,"price":"0.03114300","qty":"2.55400000","quoteQty":"0.07953922","time":1606322316458,"isBuyerMaker":false,"isBestMatch":true},{"id":203314206,"price":"0.03114000","qty":"3.00000000","quoteQty":"0.09342000","time":1606322317324,"isBuyerMaker":false,"isBestMatch":true},{"id":203314207,"price":"0.03114200","qty":"0.29500000","quoteQty":"0.00918689","time":1606322318231,"isBuyerMaker":true,"isBestMatch":true},{"id":203314208,"price":"0.03113600","qty":"0.16800000","quoteQty":"0.00523084","time":1606322319036,"isBuyerMaker":true,"isBestMatch":true},{"id":203314209,"price":"0.03113500","qty":"0.00400000","quoteQty":"0.00012454","time":1606322319304,"isBuyerMaker":true,"isBestMatch":true},{"id":203314210,"price":"0.03113600","qty":"0.07900000","quoteQty":"0.00245974","time":1606322319371,"isBuyerMaker":false,"isBestMatch":true},{"id":203314211,"price":"0.03113600","qty":"0.05200000","quoteQty":"0.00161907","time":1606322319371,"isBuyerMaker":false,"isBestMatch":true},{"id":203314212,"price":"0.03113600","qty":"0.19100000","quoteQty":"0.00594697","time":1606322319408,"isBuyerMaker":false,"isBestMatch":true},{"id":203314213,"price":"0.03113400","qty":"0.05800000","quoteQty":"0.00180577","time":1606322319453,"isBuyerMaker":true,"isBestMatch":true},{"id":203314214,"price":"0.03113400","qty":"0.00500000","quoteQty":"0.00015567","time":1606322319561,"isBuyerMaker":true,"isBestMatch":true},{"id":203314215,"price":"0.03113600","qty":"0.03000000","quoteQty":"0.00093408","time":1606322320012,"isBuyerMaker":false,"isBestMatch":true},{"id":203314216,"price":"0.03113400","qty":"0.96700000","quoteQty":"0.03010657","time":1606322320722,"isBuyerMaker":true,"isBestMatch":true},{"id":203314217,"price":"0.03113500","qty":"0.01800000","quoteQty":"0.00056043","time":1606322320747,"isBuyerMaker":false,"isBestMatch":true},{"id":203314218,"price":"0.03113400","qty":"0.97000000","quoteQty":"0.03019998","time":1606322322076,"isBuyerMaker":true,"isBestMatch":true},{"id":203314219,"price":"0.03113000","qty":"2.46600000","quoteQty":"0.07676658","time":1606322322216,"isBuyerMaker":true,"isBestMatch":true},{"id":203314220,"price":"0.03113000","qty":"0.07400000","quoteQty":"0.00230362","time":1606322322389,"isBuyerMaker":false,"isBestMatch":true},{"id":203314221,"price":"0.03112900","qty":"0.00600000","quoteQty":"0.00018677","time":1606322322608,"isBuyerMaker":true,"isBestMatch":true},{"id":203314222,"price":"0.03112800","qty":"0.09900000","quoteQty":"0.00308167","time":1606322323414,"isBuyerMaker":false,"isBestMatch":true},{"id":203314223,"price":"0.03112700","qty":"0.00600000","quoteQty":"0.00018676","time":1606322324300,"isBuyerMaker":true,"isBestMatch":true},{"id":203314224,"price":"0.03112400","qty":"0.01600000","quoteQty":"0.00049798","time":1606322324300,"isBuyerMaker":true,"isBestMatch":true},{"id":203314225,"price":"0.03112400","qty":"0.11600000","quoteQty":"0.00361038","time":1606322324300,"isBuyerMaker":true,"isBestMatch":true},{"id":203314226,"price":"0.03112400","qty":"0.02900000","quoteQty":"0.00090259","time":1606322324463,"isBuyerMaker":true,"isBestMatch":true},{"id":203314227,"price":"0.03112600","qty":"0.03200000","quoteQty":"0.00099603","time":1606322324727,"isBuyerMaker":false,"isBestMatch":true},{"id":203314228,"price":"0.03112500","qty":"0.01500000","quoteQty":"0.00046687","time":1606322325969,"isBuyerMaker":false,"isBestMatch":true},{"id":203314229,"price":"0.03112500","qty":"0.05200000","quoteQty":"0.00161850","time":1606322326159,"isBuyerMaker":false,"isBestMatch":true},{"id":203314230,"price":"0.03112500","qty":"0.01600000","quoteQty":"0.00049800","time":1606322326972,"isBuyerMaker":false,"isBestMatch":true},{"id":203314231,"price":"0.03112400","qty":"0.00500000","quoteQty":"0.00015562","time":1606322327575,"isBuyerMaker":true,"isBestMatch":true},{"id":203314232,"price":"0.03112400","qty":"1.65700000","quoteQty":"0.05157246","time":1606322328176,"isBuyerMaker":true,"isBestMatch":true},{"id":203314233,"price":"0.03112400","qty":"0.00500000","quoteQty":"0.00015562","time":1606322331127,"isBuyerMaker":true,"isBestMatch":true},{"id":203314234,"price":"0.03112400","qty":"0.02100000","quoteQty":"0.00065360","time":1606322331250,"isBuyerMaker":true,"isBestMatch":true},{"id":203314235,"price":"0.03112500","qty":"0.01900000","quoteQty":"0.00059137","time":1606322331274,"isBuyerMaker":false,"isBestMatch":true},{"id":203314236,"price":"0.03112400","qty":"0.16700000","quoteQty":"0.00519770","time":1606322331962,"isBuyerMaker":true,"isBestMatch":true},{"id":203314237,"price":"0.03112100","qty":"0.03700000","quoteQty":"0.00115147","time":1606322332804,"isBuyerMaker":false,"isBestMatch":true},{"id":203314238,"price":"0.03112000","qty":"0.01100000","quoteQty":"0.00034232","time":1606322333018,"isBuyerMaker":true,"isBestMatch":true},{"id":203314239,"price":"0.03112000","qty":"0.20500000","quoteQty":"0.00637960","time":1606322333018,"isBuyerMaker":true,"isBestMatch":true},{"id":203314240,"price":"0.03112000","qty":"0.28800000","quoteQty":"0.00896256","time":1606322333018,"isBuyerMaker":true,"isBestMatch":true},{"id":203314241,"price":"0.03112000","qty":"0.00500000","quoteQty":"0.00015560","time":1606322333085,"isBuyerMaker":true,"isBestMatch":true},{"id":203314242,"price":"0.03112400","qty":"0.29000000","quoteQty":"0.00902596","time":1606322333589,"isBuyerMaker":false,"isBestMatch":true},{"id":203314243,"price":"0.03112400","qty":"0.71000000","quoteQty":"0.02209804","time":1606322333589,"isBuyerMaker":false,"isBestMatch":true},{"id":203314244,"price":"0.03112800","qty":"0.40000000","quoteQty":"0.01245120","time":1606322334570,"isBuyerMaker":false,"isBestMatch":true},{"id":203314245,"price":"0.03112800","qty":"8.03300000","quoteQty":"0.25005122","time":1606322334681,"isBuyerMaker":false,"isBestMatch":true},{"id":203314246,"price":"0.03113100","qty":"1.15600000","quoteQty":"0.03598743","time":1606322334934,"isBuyerMaker":false,"isBestMatch":true},{"id":203314247,"price":"0.03113100","qty":"7.27700000","quoteQty":"0.22654028","time":1606322335012,"isBuyerMaker":false,"isBestMatch":true},{"id":203314248,"price":"0.03113100","qty":"0.21300000","quoteQty":"0.00663090","time":1606322335012,"isBuyerMaker":false,"isBestMatch":true},{"id":203314249,"price":"0.03113100","qty":"0.08300000","quoteQty":"0.00258387","time":1606322336268,"isBuyerMaker":false,"isBestMatch":true},{"id":203314250,"price":"0.03112300","qty":"0.08100000","quoteQty":"0.00252096","time":1606322336819,"isBuyerMaker":true,"isBestMatch":true},{"id":203314251,"price":"0.03112700","qty":"0.06200000","quoteQty":"0.00192987","time":1606322338000,"isBuyerMaker":false,"isBestMatch":true},{"id":203314252,"price":"0.03112400","qty":"0.08100000","quoteQty":"0.00252104","time":1606322338458,"isBuyerMaker":true,"isBestMatch":true},{"id":203314253,"price":"0.03112300","qty":"6.41900000","quoteQty":"0.19977853","time":1606322338490,"isBuyerMaker":true,"isBestMatch":true},{"id":203314254,"price":"0.03111700","qty":"0.03100000","quoteQty":"0.00096462","time":1606322338715,"isBuyerMaker":true,"isBestMatch":true},{"id":203314255,"price":"0.03111800","qty":"2.06300000","quoteQty":"0.06419643","time":1606322339448,"isBuyerMaker":false,"isBestMatch":true},{"id":203314256,"price":"0.03111700","qty":"0.00500000","quoteQty":"0.00015558","time":1606322339758,"isBuyerMaker":true,"isBestMatch":true},{"id":203314257,"price":"0.03111700","qty":"0.09300000","quoteQty":"0.00289388","time":1606322339854,"isBuyerMaker":true,"isBestMatch":true},{"id":203314258,"price":"0.03111900","qty":"0.07700000","quoteQty":"0.00239616","time":1606322340804,"isBuyerMaker":false,"isBestMatch":true},{"id":203314259,"price":"0.03111900","qty":"1.00000000","quoteQty":"0.03111900","time":1606322341958,"isBuyerMaker":false,"isBestMatch":true},{"id":203314260,"price":"0.03112100","qty":"1.00000000","quoteQty":"0.03112100","time":1606322342087,"isBuyerMaker":false,"isBestMatch":true},{"id":203314261,"price":"0.03112200","qty":"0.17400000","quoteQty":"0.00541522","time":1606322342093,"isBuyerMaker":false,"isBestMatch":true},{"id":203314262,"price":"0.03112200","qty":"1.00000000","quoteQty":"0.03112200","time":1606322342176,"isBuyerMaker":false,"isBestMatch":true},{"id":203314263,"price":"0.03112200","qty":"0.04500000","quoteQty":"0.00140049","time":1606322342176,"isBuyerMaker":false,"isBestMatch":true},{"id":203314264,"price":"0.03112200","qty":"0.07600000","quoteQty":"0.00236527","time":1606322342283,"isBuyerMaker":false,"isBestMatch":true},{"id":203314265,"price":"0.03112500","qty":"8.43700000","quoteQty":"0.26260162","time":1606322342283,"isBuyerMaker":false,"isBestMatch":true},{"id":203314266,"price":"0.03112500","qty":"0.11600000","quoteQty":"0.00361050","time":1606322342283,"isBuyerMaker":false,"isBestMatch":true},{"id":203314267,"price":"0.03112400","qty":"1.00000000","quoteQty":"0.03112400","time":1606322342385,"isBuyerMaker":false,"isBestMatch":true},{"id":203314268,"price":"0.03112800","qty":"1.00000000","quoteQty":"0.03112800","time":1606322342789,"isBuyerMaker":false,"isBestMatch":true},{"id":203314269,"price":"0.03112900","qty":"1.03600000","quoteQty":"0.03224964","time":1606322342904,"isBuyerMaker":false,"isBestMatch":true},{"id":203314270,"price":"0.03113400","qty":"0.01100000","quoteQty":"0.00034247","time":1606322344078,"isBuyerMaker":false,"isBestMatch":true},{"id":203314271,"price":"0.03113400","qty":"0.03000000","quoteQty":"0.00093402","time":1606322344078,"isBuyerMaker":false,"isBestMatch":true},{"id":203314272,"price":"0.03113300","qty":"0.15000000","quoteQty":"0.00466995","time":1606322344901,"isBuyerMaker":true,"isBestMatch":true},{"id":203314273,"price":"0.03113300","qty":"1.03300000","quoteQty":"0.03216038","time":1606322345013,"isBuyerMaker":true,"isBestMatch":true},{"id":203314274,"price":"0.03113300","qty":"4.81700000","quoteQty":"0.14996766","time":1606322345259,"isBuyerMaker":true,"isBestMatch":true},{"id":203314275,"price":"0.03113300","qty":"0.49500000","quoteQty":"0.01541083","time":1606322345259,"isBuyerMaker":true,"isBestMatch":true},{"id":203314276,"price":"0.03113300","qty":"0.33800000","quoteQty":"0.01052295","time":1606322345340,"isBuyerMaker":true,"isBestMatch":true},{"id":203314277,"price":"0.03113300","qty":"4.58300000","quoteQty":"0.14268253","time":1606322345340,"isBuyerMaker":true,"isBestMatch":true},{"id":203314278,"price":"0.03111800","qty":"0.00500000","quoteQty":"0.00015559","time":1606322347356,"isBuyerMaker":false,"isBestMatch":true},{"id":203314279,"price":"0.03111400","qty":"0.00500000","quoteQty":"0.00015557","time":1606322348030,"isBuyerMaker":true,"isBestMatch":true},{"id":203314280,"price":"0.03111400","qty":"0.10100000","quoteQty":"0.00314251","time":1606322348084,"isBuyerMaker":true,"isBestMatch":true},{"id":203314281,"price":"0.03111400","qty":"0.19400000","quoteQty":"0.00603611","time":1606322348408,"isBuyerMaker":true,"isBestMatch":true},{"id":203314282,"price":"0.03111400","qty":"0.38300000","quoteQty":"0.01191666","time":1606322348408,"isBuyerMaker":true,"isBestMatch":true},{"id":203314283,"price":"0.03111500","qty":"0.14400000","quoteQty":"0.00448056","time":1606322349607,"isBuyerMaker":false,"isBestMatch":true},{"id":203314284,"price":"0.03111400","qty":"1.61700000","quoteQty":"0.05031133","time":1606322350063,"isBuyerMaker":true,"isBestMatch":true},{"id":203314285,"price":"0.03111200","qty":"0.01900000","quoteQty":"0.00059112","time":1606322350166,"isBuyerMaker":true,"isBestMatch":true},{"id":203314286,"price":"0.03111100","qty":"0.12900000","quoteQty":"0.00401331","time":1606322351280,"isBuyerMaker":true,"isBestMatch":true},{"id":203314287,"price":"0.03111300","qty":"1.00000000","quoteQty":"0.03111300","time":1606322351707,"isBuyerMaker":false,"isBestMatch":true},{"id":203314288,"price":"0.03111700","qty":"3.18400000","quoteQty":"0.09907652","time":1606322353062,"isBuyerMaker":false,"isBestMatch":true},{"id":203314289,"price":"0.03111700","qty":"5.81200000","quoteQty":"0.18085200","time":1606322353167,"isBuyerMaker":false,"isBestMatch":true},{"id":203314290,"price":"0.03111200","qty":"2.40400000","quoteQty":"0.07479324","time":1606322353526,"isBuyerMaker":true,"isBestMatch":true},{"id":203314291,"price":"0.03111100","qty":"0.10500000","quoteQty":"0.00326665","time":1606322353625,"isBuyerMaker":true,"isBestMatch":true},{"id":203314292,"price":"0.03110900","qty":"0.01400000","quoteQty":"0.00043552","time":1606322353855,"isBuyerMaker":true,"isBestMatch":true},{"id":203314293,"price":"0.03110700","qty":"0.01600000","quoteQty":"0.00049771","time":1606322354155,"isBuyerMaker":true,"isBestMatch":true},{"id":203314294,"price":"0.03110700","qty":"0.01400000","quoteQty":"0.00043549","time":1606322354155,"isBuyerMaker":true,"isBestMatch":true},{"id":203314295,"price":"0.03110500","qty":"1.00000000","quoteQty":"0.03110500","time":1606322358038,"isBuyerMaker":false,"isBestMatch":true},{"id":203314296,"price":"0.03110500","qty":"3.00000000","quoteQty":"0.09331500","time":1606322358038,"isBuyerMaker":false,"isBestMatch":true},{"id":203314297,"price":"0.03110500","qty":"1.61700000","quoteQty":"0.05029678","time":1606322358038,"isBuyerMaker":false,"isBestMatch":true},{"id":203314298,"price":"0.03110400","qty":"0.02400000","quoteQty":"0.00074649","time":1606322360502,"isBuyerMaker":true,"isBestMatch":true},{"id":203314299,"price":"0.03110400","qty":"3.60000000","quoteQty":"0.11197440","time":1606322360502,"isBuyerMaker":true,"isBestMatch":true},{"id":203314300,"price":"0.03110400","qty":"2.00000000","quoteQty":"0.06220800","time":1606322360502,"isBuyerMaker":true,"isBestMatch":true},{"id":203314301,"price":"0.03110400","qty":"0.23100000","quoteQty":"0.00718502","time":1606322360571,"isBuyerMaker":false,"isBestMatch":true},{"id":203314302,"price":"0.03110300","qty":"0.00700000","quoteQty":"0.00021772","time":1606322360743,"isBuyerMaker":true,"isBestMatch":true},{"id":203314303,"price":"0.03110300","qty":"0.90000000","quoteQty":"0.02799270","time":1606322360743,"isBuyerMaker":true,"isBestMatch":true},{"id":203314304,"price":"0.03110300","qty":"0.13900000","quoteQty":"0.00432331","time":1606322360743,"isBuyerMaker":true,"isBestMatch":true},{"id":203314305,"price":"0.03110000","qty":"0.36200000","quoteQty":"0.01125820","time":1606322360931,"isBuyerMaker":true,"isBestMatch":true},{"id":203314306,"price":"0.03110000","qty":"0.08600000","quoteQty":"0.00267460","time":1606322360952,"isBuyerMaker":true,"isBestMatch":true},{"id":203314307,"price":"0.03110000","qty":"2.02100000","quoteQty":"0.06285310","time":1606322360952,"isBuyerMaker":true,"isBestMatch":true},{"id":203314308,"price":"0.03109800","qty":"0.02900000","quoteQty":"0.00090184","time":1606322360952,"isBuyerMaker":true,"isBestMatch":true},{"id":203314309,"price":"0.03109600","qty":"0.29800000","quoteQty":"0.00926660","time":1606322360952,"isBuyerMaker":true,"isBestMatch":true},{"id":203314310,"price":"0.03109400","qty":"0.03500000","quoteQty":"0.00108829","time":1606322360952,"isBuyerMaker":true,"isBestMatch":true},{"id":203314311,"price":"0.03109400","qty":"0.80900000","quoteQty":"0.02515504","time":1606322361402,"isBuyerMaker":true,"isBestMatch":true},{"id":203314312,"price":"0.03109600","qty":"10.00000000","quoteQty":"0.31096000","time":1606322363788,"isBuyerMaker":true,"isBestMatch":true},{"id":203314313,"price":"0.03109600","qty":"0.12600000","quoteQty":"0.00391809","time":1606322364412,"isBuyerMaker":false,"isBestMatch":true},{"id":203314314,"price":"0.03109600","qty":"1.97000000","quoteQty":"0.06125912","time":1606322364426,"isBuyerMaker":false,"isBestMatch":true},{"id":203314315,"price":"0.03109500","qty":"0.03300000","quoteQty":"0.00102613","time":1606322365113,"isBuyerMaker":true,"isBestMatch":true},{"id":203314316,"price":"0.03109500","qty":"1.54100000","quoteQty":"0.04791739","time":1606322365325,"isBuyerMaker":true,"isBestMatch":true},{"id":203314317,"price":"0.03109500","qty":"0.06800000","quoteQty":"0.00211446","time":1606322365745,"isBuyerMaker":false,"isBestMatch":true},{"id":203314318,"price":"0.03109500","qty":"0.11200000","quoteQty":"0.00348264","time":1606322366212,"isBuyerMaker":false,"isBestMatch":true},{"id":203314319,"price":"0.03109500","qty":"0.23000000","quoteQty":"0.00715185","time":1606322366247,"isBuyerMaker":false,"isBestMatch":true},{"id":203314320,"price":"0.03109400","qty":"0.17600000","quoteQty":"0.00547254","time":1606322366851,"isBuyerMaker":true,"isBestMatch":true},{"id":203314321,"price":"0.03109400","qty":"0.98000000","quoteQty":"0.03047212","time":1606322366957,"isBuyerMaker":true,"isBestMatch":true},{"id":203314322,"price":"0.03109300","qty":"0.22800000","quoteQty":"0.00708920","time":1606322367693,"isBuyerMaker":false,"isBestMatch":true},{"id":203314323,"price":"0.03108600","qty":"0.06400000","quoteQty":"0.00198950","time":1606322368690,"isBuyerMaker":true,"isBestMatch":true},{"id":203314324,"price":"0.03108600","qty":"0.71700000","quoteQty":"0.02228866","time":1606322368690,"isBuyerMaker":true,"isBestMatch":true},{"id":203314325,"price":"0.03108500","qty":"0.00400000","quoteQty":"0.00012434","time":1606322368690,"isBuyerMaker":true,"isBestMatch":true},{"id":203314326,"price":"0.03108500","qty":"0.69900000","quoteQty":"0.02172841","time":1606322368690,"isBuyerMaker":true,"isBestMatch":true},{"id":203314327,"price":"0.03108500","qty":"0.17600000","quoteQty":"0.00547096","time":1606322368690,"isBuyerMaker":true,"isBestMatch":true},{"id":203314328,"price":"0.03108400","qty":"0.00700000","quoteQty":"0.00021758","time":1606322368690,"isBuyerMaker":true,"isBestMatch":true},{"id":203314329,"price":"0.03108400","qty":"2.00000000","quoteQty":"0.06216800","time":1606322368690,"isBuyerMaker":true,"isBestMatch":true},{"id":203314330,"price":"0.03108300","qty":"0.01900000","quoteQty":"0.00059057","time":1606322368690,"isBuyerMaker":true,"isBestMatch":true},{"id":203314331,"price":"0.03108300","qty":"0.01300000","quoteQty":"0.00040407","time":1606322368690,"isBuyerMaker":true,"isBestMatch":true},{"id":203314332,"price":"0.03108300","qty":"0.01100000","quoteQty":"0.00034191","time":1606322368690,"isBuyerMaker":true,"isBestMatch":true},{"id":203314333,"price":"0.03108000","qty":"4.00000000","quoteQty":"0.12432000","time":1606322368690,"isBuyerMaker":true,"isBestMatch":true},{"id":203314334,"price":"0.03107900","qty":"0.28600000","quoteQty":"0.00888859","time":1606322368690,"isBuyerMaker":true,"isBestMatch":true},{"id":203314335,"price":"0.03107900","qty":"6.70800000","quoteQty":"0.20847793","time":1606322368690,"isBuyerMaker":true,"isBestMatch":true},{"id":203314336,"price":"0.03109000","qty":"0.01600000","quoteQty":"0.00049744","time":1606322369314,"isBuyerMaker":false,"isBestMatch":true},{"id":203314337,"price":"0.03108600","qty":"0.17600000","quoteQty":"0.00547113","time":1606322370191,"isBuyerMaker":false,"isBestMatch":true},{"id":203314338,"price":"0.03108600","qty":"0.10100000","quoteQty":"0.00313968","time":1606322370399,"isBuyerMaker":false,"isBestMatch":true},{"id":203314339,"price":"0.03109000","qty":"0.34900000","quoteQty":"0.01085041","time":1606322370663,"isBuyerMaker":false,"isBestMatch":true},{"id":203314340,"price":"0.03109000","qty":"3.37500000","quoteQty":"0.10492875","time":1606322370931,"isBuyerMaker":false,"isBestMatch":true},{"id":203314341,"price":"0.03109000","qty":"5.00000000","quoteQty":"0.15545000","time":1606322371145,"isBuyerMaker":false,"isBestMatch":true},{"id":203314342,"price":"0.03109000","qty":"3.15100000","quoteQty":"0.09796459","time":1606322371869,"isBuyerMaker":false,"isBestMatch":true},{"id":203314343,"price":"0.03109000","qty":"12.10900000","quoteQty":"0.37646881","time":1606322371967,"isBuyerMaker":false,"isBestMatch":true},{"id":203314344,"price":"0.03109000","qty":"2.89100000","quoteQty":"0.08988119","time":1606322371967,"isBuyerMaker":false,"isBestMatch":true},{"id":203314345,"price":"0.03109000","qty":"8.60900000","quoteQty":"0.26765381","time":1606322372717,"isBuyerMaker":false,"isBestMatch":true},{"id":203314346,"price":"0.03109000","qty":"16.75000000","quoteQty":"0.52075750","time":1606322372813,"isBuyerMaker":false,"isBestMatch":true},{"id":203314347,"price":"0.03109000","qty":"15.50000000","quoteQty":"0.48189500","time":1606322373015,"isBuyerMaker":false,"isBestMatch":true},{"id":203314348,"price":"0.03109000","qty":"2.19200000","quoteQty":"0.06814928","time":1606322373128,"isBuyerMaker":false,"isBestMatch":true},{"id":203314349,"price":"0.03109100","qty":"1.90100000","quoteQty":"0.05910399","time":1606322373237,"isBuyerMaker":false,"isBestMatch":true},{"id":203314350,"price":"0.03109200","qty":"0.05900000","quoteQty":"0.00183442","time":1606322373341,"isBuyerMaker":false,"isBestMatch":true},{"id":203314351,"price":"0.03109400","qty":"2.00000000","quoteQty":"0.06218800","time":1606322374590,"isBuyerMaker":false,"isBestMatch":true},{"id":203314352,"price":"0.03109700","qty":"0.00600000","quoteQty":"0.00018658","time":1606322376443,"isBuyerMaker":false,"isBestMatch":true},{"id":203314353,"price":"0.03109700","qty":"4.70100000","quoteQty":"0.14618699","time":1606322378225,"isBuyerMaker":true,"isBestMatch":true},{"id":203314354,"price":"0.03109700","qty":"1.29900000","quoteQty":"0.04039500","time":1606322378851,"isBuyerMaker":true,"isBestMatch":true},{"id":203314355,"price":"0.03109700","qty":"2.68700000","quoteQty":"0.08355763","time":1606322378851,"isBuyerMaker":true,"isBestMatch":true},{"id":203314356,"price":"0.03109700","qty":"1.26300000","quoteQty":"0.03927551","time":1606322378950,"isBuyerMaker":true,"isBestMatch":true},{"id":203314357,"price":"0.03109700","qty":"1.23100000","quoteQty":"0.03828040","time":1606322379075,"isBuyerMaker":true,"isBestMatch":true},{"id":203314358,"price":"0.03109800","qty":"0.06100000","quoteQty":"0.00189697","time":1606322379233,"isBuyerMaker":false,"isBestMatch":true},{"id":203314359,"price":"0.03109800","qty":"0.52700000","quoteQty":"0.01638864","time":1606322379233,"isBuyerMaker":false,"isBestMatch":true},{"id":203314360,"price":"0.03109800","qty":"2.89800000","quoteQty":"0.09012200","time":1606322379369,"isBuyerMaker":true,"isBestMatch":true},{"id":203314361,"price":"0.03110000","qty":"0.44900000","quoteQty":"0.01396390","time":1606322384349,"isBuyerMaker":false,"isBestMatch":true},{"id":203314362,"price":"0.03110000","qty":"0.45300000","quoteQty":"0.01408830","time":1606322384509,"isBuyerMaker":false,"isBestMatch":true},{"id":203314363,"price":"0.03110000","qty":"1.04900000","quoteQty":"0.03262390","time":1606322384622,"isBuyerMaker":false,"isBestMatch":true},{"id":203314364,"price":"0.03110000","qty":"0.38600000","quoteQty":"0.01200460","time":1606322384649,"isBuyerMaker":false,"isBestMatch":true},{"id":203314365,"price":"0.03110300","qty":"0.01000000","quoteQty":"0.00031103","time":1606322385231,"isBuyerMaker":false,"isBestMatch":true},{"id":203314366,"price":"0.03110300","qty":"8.43400000","quoteQty":"0.26232270","time":1606322385818,"isBuyerMaker":false,"isBestMatch":true},{"id":203314367,"price":"0.03110400","qty":"2.00000000","quoteQty":"0.06220800","time":1606322386298,"isBuyerMaker":false,"isBestMatch":true},{"id":203314368,"price":"0.03111000","qty":"0.73800000","quoteQty":"0.02295918","time":1606322386855,"isBuyerMaker":true,"isBestMatch":true},{"id":203314369,"price":"0.03111000","qty":"2.26200000","quoteQty":"0.07037082","time":1606322386961,"isBuyerMaker":true,"isBestMatch":true},{"id":203314370,"price":"0.03111000","qty":"1.79000000","quoteQty":"0.05568690","time":1606322386961,"isBuyerMaker":true,"isBestMatch":true},{"id":203314371,"price":"0.03111200","qty":"3.00000000","quoteQty":"0.09333600","time":1606322387269,"isBuyerMaker":true,"isBestMatch":true},{"id":203314372,"price":"0.03111200","qty":"9.90000000","quoteQty":"0.30800880","time":1606322387269,"isBuyerMaker":true,"isBestMatch":true},{"id":203314373,"price":"0.03111200","qty":"0.10000000","quoteQty":"0.00311120","time":1606322387376,"isBuyerMaker":true,"isBestMatch":true},{"id":203314374,"price":"0.03110000","qty":"0.19300000","quoteQty":"0.00600230","time":1606322387471,"isBuyerMaker":true,"isBestMatch":true},{"id":203314375,"price":"0.03110000","qty":"7.70700000","quoteQty":"0.23968770","time":1606322387471,"isBuyerMaker":true,"isBestMatch":true},{"id":203314376,"price":"0.03110600","qty":"9.64500000","quoteQty":"0.30001737","time":1606322389267,"isBuyerMaker":true,"isBestMatch":true},{"id":203314377,"price":"0.03111000","qty":"0.02800000","quoteQty":"0.00087108","time":1606322391214,"isBuyerMaker":false,"isBestMatch":true},{"id":203314378,"price":"0.03111000","qty":"0.17600000","quoteQty":"0.00547536","time":1606322391546,"isBuyerMaker":false,"isBestMatch":true},{"id":203314379,"price":"0.03111000","qty":"0.48000000","quoteQty":"0.01493280","time":1606322391578,"isBuyerMaker":false,"isBestMatch":true},{"id":203314380,"price":"0.03111100","qty":"0.05400000","quoteQty":"0.00167999","time":1606322394155,"isBuyerMaker":false,"isBestMatch":true},{"id":203314381,"price":"0.03111100","qty":"0.04600000","quoteQty":"0.00143110","time":1606322394973,"isBuyerMaker":true,"isBestMatch":true},{"id":203314382,"price":"0.03110900","qty":"0.05300000","quoteQty":"0.00164877","time":1606322396155,"isBuyerMaker":false,"isBestMatch":true},{"id":203314383,"price":"0.03110900","qty":"0.05300000","quoteQty":"0.00164877","time":1606322396155,"isBuyerMaker":false,"isBestMatch":true},{"id":203314384,"price":"0.03111000","qty":"1.13600000","quoteQty":"0.03534096","time":1606322398689,"isBuyerMaker":false,"isBestMatch":true},{"id":203314385,"price":"0.03110700","qty":"1.73400000","quoteQty":"0.05393953","time":1606322399565,"isBuyerMaker":false,"isBestMatch":true},{"id":203314386,"price":"0.03110700","qty":"1.68700000","quoteQty":"0.05247750","time":1606322399664,"isBuyerMaker":false,"isBestMatch":true},{"id":203314387,"price":"0.03110900","qty":"0.28800000","quoteQty":"0.00895939","time":1606322401908,"isBuyerMaker":false,"isBestMatch":true},{"id":203314388,"price":"0.03111300","qty":"0.05700000","quoteQty":"0.00177344","time":1606322402179,"isBuyerMaker":true,"isBestMatch":true},{"id":203314389,"price":"0.03111300","qty":"0.24700000","quoteQty":"0.00768491","time":1606322402270,"isBuyerMaker":true,"isBestMatch":true},{"id":203314390,"price":"0.03111400","qty":"2.00000000","quoteQty":"0.06222800","time":1606322402958,"isBuyerMaker":false,"isBestMatch":true},{"id":203314391,"price":"0.03111400","qty":"1.33200000","quoteQty":"0.04144384","time":1606322402958,"isBuyerMaker":false,"isBestMatch":true},{"id":203314392,"price":"0.03111300","qty":"0.38900000","quoteQty":"0.01210295","time":1606322403003,"isBuyerMaker":true,"isBestMatch":true},{"id":203314393,"price":"0.03111300","qty":"0.43700000","quoteQty":"0.01359638","time":1606322403003,"isBuyerMaker":true,"isBestMatch":true},{"id":203314394,"price":"0.03111300","qty":"2.99900000","quoteQty":"0.09330788","time":1606322403003,"isBuyerMaker":true,"isBestMatch":true},{"id":203314395,"price":"0.03111600","qty":"2.82200000","quoteQty":"0.08780935","time":1606322403961,"isBuyerMaker":true,"isBestMatch":true},{"id":203314396,"price":"0.03112100","qty":"8.44400000","quoteQty":"0.26278572","time":1606322404473,"isBuyerMaker":false,"isBestMatch":true},{"id":203314397,"price":"0.03112400","qty":"2.00000000","quoteQty":"0.06224800","time":1606322404612,"isBuyerMaker":false,"isBestMatch":true},{"id":203314398,"price":"0.03112700","qty":"0.01800000","quoteQty":"0.00056028","time":1606322405143,"isBuyerMaker":true,"isBestMatch":true},{"id":203314399,"price":"0.03113100","qty":"0.07800000","quoteQty":"0.00242821","time":1606322407249,"isBuyerMaker":true,"isBestMatch":true},{"id":203314400,"price":"0.03113100","qty":"0.21100000","quoteQty":"0.00656864","time":1606322407249,"isBuyerMaker":true,"isBestMatch":true},{"id":203314401,"price":"0.03112900","qty":"0.02000000","quoteQty":"0.00062258","time":1606322407398,"isBuyerMaker":true,"isBestMatch":true},{"id":203314402,"price":"0.03112900","qty":"0.03200000","quoteQty":"0.00099612","time":1606322407746,"isBuyerMaker":true,"isBestMatch":true},{"id":203314403,"price":"0.03112900","qty":"0.14500000","quoteQty":"0.00451370","time":1606322408206,"isBuyerMaker":true,"isBestMatch":true},{"id":203314404,"price":"0.03113100","qty":"4.00000000","quoteQty":"0.12452400","time":1606322408287,"isBuyerMaker":false,"isBestMatch":true},{"id":203314405,"price":"0.03113200","qty":"6.01700000","quoteQty":"0.18732124","time":1606322408396,"isBuyerMaker":false,"isBestMatch":true},{"id":203314406,"price":"0.03113200","qty":"2.31100000","quoteQty":"0.07194605","time":1606322409458,"isBuyerMaker":false,"isBestMatch":true},{"id":203314407,"price":"0.03113100","qty":"0.05300000","quoteQty":"0.00164994","time":1606322409608,"isBuyerMaker":true,"isBestMatch":true},{"id":203314408,"price":"0.03113200","qty":"5.00000000","quoteQty":"0.15566000","time":1606322409659,"isBuyerMaker":false,"isBestMatch":true},{"id":203314409,"price":"0.03113200","qty":"5.00000000","quoteQty":"0.15566000","time":1606322409757,"isBuyerMaker":false,"isBestMatch":true},{"id":203314410,"price":"0.03113100","qty":"0.01300000","quoteQty":"0.00040470","time":1606322410973,"isBuyerMaker":true,"isBestMatch":true},{"id":203314411,"price":"0.03113200","qty":"0.12300000","quoteQty":"0.00382923","time":1606322412377,"isBuyerMaker":false,"isBestMatch":true},{"id":203314412,"price":"0.03113100","qty":"0.01200000","quoteQty":"0.00037357","time":1606322412893,"isBuyerMaker":true,"isBestMatch":true},{"id":203314413,"price":"0.03113100","qty":"0.10800000","quoteQty":"0.00336214","time":1606322412893,"isBuyerMaker":true,"isBestMatch":true},{"id":203314414,"price":"0.03113100","qty":"0.22300000","quoteQty":"0.00694221","time":1606322413012,"isBuyerMaker":false,"isBestMatch":true},{"id":203314415,"price":"0.03113000","qty":"0.12800000","quoteQty":"0.00398464","time":1606322413154,"isBuyerMaker":true,"isBestMatch":true},{"id":203314416,"price":"0.03112900","qty":"0.14400000","quoteQty":"0.00448257","time":1606322413264,"isBuyerMaker":true,"isBestMatch":true},{"id":203314417,"price":"0.03113000","qty":"6.00000000","quoteQty":"0.18678000","time":1606322413756,"isBuyerMaker":false,"isBestMatch":true},{"id":203314418,"price":"0.03113000","qty":"0.19300000","quoteQty":"0.00600809","time":1606322413756,"isBuyerMaker":false,"isBestMatch":true},{"id":203314419,"price":"0.03113100","qty":"0.14300000","quoteQty":"0.00445173","time":1606322414599,"isBuyerMaker":false,"isBestMatch":true},{"id":203314420,"price":"0.03113300","qty":"0.00900000","quoteQty":"0.00028019","time":1606322414722,"isBuyerMaker":false,"isBestMatch":true},{"id":203314421,"price":"0.03113300","qty":"2.91200000","quoteQty":"0.09065929","time":1606322414722,"isBuyerMaker":false,"isBestMatch":true},{"id":203314422,"price":"0.03113200","qty":"0.00400000","quoteQty":"0.00012452","time":1606322415888,"isBuyerMaker":true,"isBestMatch":true},{"id":203314423,"price":"0.03113100","qty":"3.00000000","quoteQty":"0.09339300","time":1606322418327,"isBuyerMaker":false,"isBestMatch":true},{"id":203314424,"price":"0.03113200","qty":"0.73400000","quoteQty":"0.02285088","time":1606322418384,"isBuyerMaker":true,"isBestMatch":true},{"id":203314425,"price":"0.03113300","qty":"16.28100000","quoteQty":"0.50687637","time":1606322418956,"isBuyerMaker":false,"isBestMatch":true},{"id":203314426,"price":"0.03113400","qty":"0.00500000","quoteQty":"0.00015567","time":1606322419163,"isBuyerMaker":false,"isBestMatch":true},{"id":203314427,"price":"0.03113400","qty":"0.09700000","quoteQty":"0.00301999","time":1606322420595,"isBuyerMaker":false,"isBestMatch":true},{"id":203314428,"price":"0.03113200","qty":"4.04300000","quoteQty":"0.12586667","time":1606322421023,"isBuyerMaker":true,"isBestMatch":true},{"id":203314429,"price":"0.03112800","qty":"0.13800000","quoteQty":"0.00429566","time":1606322421339,"isBuyerMaker":true,"isBestMatch":true},{"id":203314430,"price":"0.03112800","qty":"2.06600000","quoteQty":"0.06431044","time":1606322421339,"isBuyerMaker":true,"isBestMatch":true},{"id":203314431,"price":"0.03112800","qty":"0.05300000","quoteQty":"0.00164978","time":1606322421633,"isBuyerMaker":false,"isBestMatch":true},{"id":203314432,"price":"0.03112500","qty":"5.74000000","quoteQty":"0.17865750","time":1606322422460,"isBuyerMaker":true,"isBestMatch":true},{"id":203314433,"price":"0.03112500","qty":"3.00000000","quoteQty":"0.09337500","time":1606322422977,"isBuyerMaker":true,"isBestMatch":true},{"id":203314434,"price":"0.03112400","qty":"3.00000000","quoteQty":"0.09337200","time":1606322423035,"isBuyerMaker":true,"isBestMatch":true},{"id":203314435,"price":"0.03111900","qty":"1.52000000","quoteQty":"0.04730088","time":1606322423293,"isBuyerMaker":true,"isBestMatch":true},{"id":203314436,"price":"0.03111500","qty":"6.00000000","quoteQty":"0.18669000","time":1606322423656,"isBuyerMaker":false,"isBestMatch":true},{"id":203314437,"price":"0.03111900","qty":"0.02300000","quoteQty":"0.00071573","time":1606322423656,"isBuyerMaker":false,"isBestMatch":true},{"id":203314438,"price":"0.03111500","qty":"0.01100000","quoteQty":"0.00034226","time":1606322424487,"isBuyerMaker":false,"isBestMatch":true},{"id":203314439,"price":"0.03111500","qty":"0.06400000","quoteQty":"0.00199136","time":1606322426375,"isBuyerMaker":false,"isBestMatch":true},{"id":203314440,"price":"0.03111400","qty":"2.00000000","quoteQty":"0.06222800","time":1606322427217,"isBuyerMaker":true,"isBestMatch":true},{"id":203314441,"price":"0.03111400","qty":"0.05300000","quoteQty":"0.00164904","time":1606322427354,"isBuyerMaker":false,"isBestMatch":true},{"id":203314442,"price":"0.03111300","qty":"0.00400000","quoteQty":"0.00012445","time":1606322427550,"isBuyerMaker":true,"isBestMatch":true},{"id":203314443,"price":"0.03111200","qty":"0.05300000","quoteQty":"0.00164893","time":1606322427603,"isBuyerMaker":true,"isBestMatch":true},{"id":203314444,"price":"0.03111000","qty":"0.10000000","quoteQty":"0.00311100","time":1606322427621,"isBuyerMaker":true,"isBestMatch":true},{"id":203314445,"price":"0.03111000","qty":"0.05400000","quoteQty":"0.00167994","time":1606322427621,"isBuyerMaker":true,"isBestMatch":true},{"id":203314446,"price":"0.03110700","qty":"0.25000000","quoteQty":"0.00777675","time":1606322427621,"isBuyerMaker":true,"isBestMatch":true},{"id":203314447,"price":"0.03110400","qty":"2.00000000","quoteQty":"0.06220800","time":1606322427621,"isBuyerMaker":true,"isBestMatch":true},{"id":203314448,"price":"0.03110300","qty":"1.40200000","quoteQty":"0.04360640","time":1606322427621,"isBuyerMaker":true,"isBestMatch":true},{"id":203314449,"price":"0.03110200","qty":"2.69400000","quoteQty":"0.08378878","time":1606322427621,"isBuyerMaker":true,"isBestMatch":true},{"id":203314450,"price":"0.03110500","qty":"0.15800000","quoteQty":"0.00491459","time":1606322428078,"isBuyerMaker":false,"isBestMatch":true},{"id":203314451,"price":"0.03110500","qty":"0.54600000","quoteQty":"0.01698333","time":1606322428356,"isBuyerMaker":false,"isBestMatch":true},{"id":203314452,"price":"0.03110500","qty":"0.00400000","quoteQty":"0.00012442","time":1606322428588,"isBuyerMaker":false,"isBestMatch":true},{"id":203314453,"price":"0.03110500","qty":"3.35100000","quoteQty":"0.10423285","time":1606322428678,"isBuyerMaker":false,"isBestMatch":true},{"id":203314454,"price":"0.03110500","qty":"1.41500000","quoteQty":"0.04401357","time":1606322428750,"isBuyerMaker":false,"isBestMatch":true},{"id":203314455,"price":"0.03110400","qty":"0.05200000","quoteQty":"0.00161740","time":1606322429689,"isBuyerMaker":false,"isBestMatch":true},{"id":203314456,"price":"0.03110200","qty":"0.07300000","quoteQty":"0.00227044","time":1606322430255,"isBuyerMaker":false,"isBestMatch":true},{"id":203314457,"price":"0.03110100","qty":"0.99900000","quoteQty":"0.03106989","time":1606322430258,"isBuyerMaker":true,"isBestMatch":true},{"id":203314458,"price":"0.03110100","qty":"0.23000000","quoteQty":"0.00715323","time":1606322430258,"isBuyerMaker":true,"isBestMatch":true},{"id":203314459,"price":"0.03110100","qty":"1.14800000","quoteQty":"0.03570394","time":1606322430668,"isBuyerMaker":true,"isBestMatch":true},{"id":203314460,"price":"0.03109600","qty":"2.69400000","quoteQty":"0.08377262","time":1606322432136,"isBuyerMaker":false,"isBestMatch":true},{"id":203314461,"price":"0.03110300","qty":"0.01700000","quoteQty":"0.00052875","time":1606322432221,"isBuyerMaker":false,"isBestMatch":true},{"id":203314462,"price":"0.03111200","qty":"0.00800000","quoteQty":"0.00024889","time":1606322436666,"isBuyerMaker":true,"isBestMatch":true},{"id":203314463,"price":"0.03111200","qty":"0.00800000","quoteQty":"0.00024889","time":1606322436666,"isBuyerMaker":true,"isBestMatch":true},{"id":203314464,"price":"0.03110600","qty":"0.03800000","quoteQty":"0.00118202","time":1606322437251,"isBuyerMaker":true,"isBestMatch":true},{"id":203314465,"price":"0.03109900","qty":"0.00400000","quoteQty":"0.00012439","time":1606322438588,"isBuyerMaker":false,"isBestMatch":true},{"id":203314466,"price":"0.03110000","qty":"0.17600000","quoteQty":"0.00547360","time":1606322438699,"isBuyerMaker":false,"isBestMatch":true},{"id":203314467,"price":"0.03110000","qty":"3.60800000","quoteQty":"0.11220880","time":1606322438907,"isBuyerMaker":false,"isBestMatch":true},{"id":203314468,"price":"0.03110000","qty":"0.08100000","quoteQty":"0.00251910","time":1606322440077,"isBuyerMaker":true,"isBestMatch":true},{"id":203314469,"price":"0.03109900","qty":"0.11300000","quoteQty":"0.00351418","time":1606322440077,"isBuyerMaker":true,"isBestMatch":true},{"id":203314470,"price":"0.03109700","qty":"2.80600000","quoteQty":"0.08725818","time":1606322440077,"isBuyerMaker":true,"isBestMatch":true},{"id":203314471,"price":"0.03110100","qty":"1.06100000","quoteQty":"0.03299816","time":1606322440261,"isBuyerMaker":false,"isBestMatch":true},{"id":203314472,"price":"0.03110100","qty":"1.33000000","quoteQty":"0.04136433","time":1606322440284,"isBuyerMaker":false,"isBestMatch":true},{"id":203314473,"price":"0.03110100","qty":"0.60900000","quoteQty":"0.01894050","time":1606322440307,"isBuyerMaker":false,"isBestMatch":true},{"id":203314474,"price":"0.03110200","qty":"0.47100000","quoteQty":"0.01464904","time":1606322440307,"isBuyerMaker":false,"isBestMatch":true},{"id":203314475,"price":"0.03110000","qty":"3.00000000","quoteQty":"0.09330000","time":1606322441564,"isBuyerMaker":false,"isBestMatch":true},{"id":203314476,"price":"0.03110000","qty":"0.01600000","quoteQty":"0.00049760","time":1606322441564,"isBuyerMaker":false,"isBestMatch":true},{"id":203314477,"price":"0.03110300","qty":"0.18200000","quoteQty":"0.00566074","time":1606322441858,"isBuyerMaker":false,"isBestMatch":true},{"id":203314478,"price":"0.03110300","qty":"16.06000000","quoteQty":"0.49951418","time":1606322441858,"isBuyerMaker":false,"isBestMatch":true},{"id":203314479,"price":"0.03110600","qty":"0.02000000","quoteQty":"0.00062212","time":1606322442207,"isBuyerMaker":true,"isBestMatch":true},{"id":203314480,"price":"0.03110600","qty":"5.06500000","quoteQty":"0.15755189","time":1606322442320,"isBuyerMaker":true,"isBestMatch":true},{"id":203314481,"price":"0.03110600","qty":"0.91500000","quoteQty":"0.02846199","time":1606322442450,"isBuyerMaker":true,"isBestMatch":true},{"id":203314482,"price":"0.03110500","qty":"0.53800000","quoteQty":"0.01673449","time":1606322447798,"isBuyerMaker":true,"isBestMatch":true},{"id":203314483,"price":"0.03110500","qty":"0.45400000","quoteQty":"0.01412167","time":1606322447798,"isBuyerMaker":true,"isBestMatch":true},{"id":203314484,"price":"0.03110900","qty":"0.12200000","quoteQty":"0.00379529","time":1606322448077,"isBuyerMaker":false,"isBestMatch":true},{"id":203314485,"price":"0.03110900","qty":"0.16000000","quoteQty":"0.00497744","time":1606322448091,"isBuyerMaker":false,"isBestMatch":true},{"id":203314486,"price":"0.03110900","qty":"0.42600000","quoteQty":"0.01325243","time":1606322449805,"isBuyerMaker":true,"isBestMatch":true},{"id":203314487,"price":"0.03110900","qty":"4.76700000","quoteQty":"0.14829660","time":1606322450279,"isBuyerMaker":true,"isBestMatch":true},{"id":203314488,"price":"0.03110900","qty":"0.22800000","quoteQty":"0.00709285","time":1606322450305,"isBuyerMaker":false,"isBestMatch":true},{"id":203314489,"price":"0.03110900","qty":"0.08100000","quoteQty":"0.00251982","time":1606322450305,"isBuyerMaker":false,"isBestMatch":true},{"id":203314490,"price":"0.03110500","qty":"0.35300000","quoteQty":"0.01098006","time":1606322451084,"isBuyerMaker":false,"isBestMatch":true},{"id":203314491,"price":"0.03109800","qty":"0.11700000","quoteQty":"0.00363846","time":1606322452108,"isBuyerMaker":true,"isBestMatch":true},{"id":203314492,"price":"0.03109600","qty":"0.15700000","quoteQty":"0.00488207","time":1606322454002,"isBuyerMaker":true,"isBestMatch":true},{"id":203314493,"price":"0.03109400","qty":"0.34300000","quoteQty":"0.01066524","time":1606322454002,"isBuyerMaker":true,"isBestMatch":true},{"id":203314494,"price":"0.03109500","qty":"5.00000000","quoteQty":"0.15547500","time":1606322454125,"isBuyerMaker":false,"isBestMatch":true},{"id":203314495,"price":"0.03109400","qty":"1.65700000","quoteQty":"0.05152275","time":1606322454412,"isBuyerMaker":true,"isBestMatch":true},{"id":203314496,"price":"0.03109400","qty":"0.95000000","quoteQty":"0.02953930","time":1606322454425,"isBuyerMaker":false,"isBestMatch":true},{"id":203314497,"price":"0.03109000","qty":"0.04800000","quoteQty":"0.00149232","time":1606322455423,"isBuyerMaker":true,"isBestMatch":true},{"id":203314498,"price":"0.03109100","qty":"0.06800000","quoteQty":"0.00211418","time":1606322456010,"isBuyerMaker":false,"isBestMatch":true},{"id":203314499,"price":"0.03109000","qty":"0.11100000","quoteQty":"0.00345099","time":1606322456062,"isBuyerMaker":true,"isBestMatch":true},{"id":203314500,"price":"0.03108800","qty":"0.64300000","quoteQty":"0.01998958","time":1606322456614,"isBuyerMaker":false,"isBestMatch":true},{"id":203314501,"price":"0.03108700","qty":"0.00700000","quoteQty":"0.00021760","time":1606322456978,"isBuyerMaker":false,"isBestMatch":true},{"id":203314502,"price":"0.03108700","qty":"2.99300000","quoteQty":"0.09304339","time":1606322457000,"isBuyerMaker":false,"isBestMatch":true},{"id":203314503,"price":"0.03109100","qty":"0.57700000","quoteQty":"0.01793950","time":1606322459422,"isBuyerMaker":false,"isBestMatch":true},{"id":203314504,"price":"0.03109100","qty":"14.93300000","quoteQty":"0.46428190","time":1606322459948,"isBuyerMaker":false,"isBestMatch":true},{"id":203314505,"price":"0.03109200","qty":"2.01700000","quoteQty":"0.06271256","time":1606322460270,"isBuyerMaker":true,"isBestMatch":true},{"id":203314506,"price":"0.03109300","qty":"0.46500000","quoteQty":"0.01445824","time":1606322460571,"isBuyerMaker":false,"isBestMatch":true},{"id":203314507,"price":"0.03109300","qty":"0.41800000","quoteQty":"0.01299687","time":1606322460881,"isBuyerMaker":false,"isBestMatch":true},{"id":203314508,"price":"0.03109400","qty":"0.17600000","quoteQty":"0.00547254","time":1606322461403,"isBuyerMaker":false,"isBestMatch":true},{"id":203314509,"price":"0.03109500","qty":"0.03300000","quoteQty":"0.00102613","time":1606322461730,"isBuyerMaker":true,"isBestMatch":true},{"id":203314510,"price":"0.03109600","qty":"0.03300000","quoteQty":"0.00102616","time":1606322461755,"isBuyerMaker":false,"isBestMatch":true},{"id":203314511,"price":"0.03109700","qty":"0.66600000","quoteQty":"0.02071060","time":1606322461755,"isBuyerMaker":false,"isBestMatch":true},{"id":203314512,"price":"0.03109600","qty":"1.16100000","quoteQty":"0.03610245","time":1606322462602,"isBuyerMaker":true,"isBestMatch":true},{"id":203314513,"price":"0.03109600","qty":"0.29500000","quoteQty":"0.00917332","time":1606322463154,"isBuyerMaker":true,"isBestMatch":true},{"id":203314514,"price":"0.03109400","qty":"4.27100000","quoteQty":"0.13280247","time":1606322463398,"isBuyerMaker":true,"isBestMatch":true},{"id":203314515,"price":"0.03109600","qty":"0.03400000","quoteQty":"0.00105726","time":1606322464763,"isBuyerMaker":false,"isBestMatch":true},{"id":203314516,"price":"0.03109700","qty":"7.79300000","quoteQty":"0.24233892","time":1606322464784,"isBuyerMaker":false,"isBestMatch":true},{"id":203314517,"price":"0.03109800","qty":"2.98800000","quoteQty":"0.09292082","time":1606322464800,"isBuyerMaker":false,"isBestMatch":true},{"id":203314518,"price":"0.03110100","qty":"0.88100000","quoteQty":"0.02739998","time":1606322464989,"isBuyerMaker":true,"isBestMatch":true},{"id":203314519,"price":"0.03110100","qty":"5.11900000","quoteQty":"0.15920601","time":1606322465144,"isBuyerMaker":true,"isBestMatch":true},{"id":203314520,"price":"0.03109600","qty":"0.64200000","quoteQty":"0.01996363","time":1606322466578,"isBuyerMaker":true,"isBestMatch":true},{"id":203314521,"price":"0.03109600","qty":"0.10700000","quoteQty":"0.00332727","time":1606322466578,"isBuyerMaker":true,"isBestMatch":true},{"id":203314522,"price":"0.03109600","qty":"0.10700000","quoteQty":"0.00332727","time":1606322466578,"isBuyerMaker":true,"isBestMatch":true},{"id":203314523,"price":"0.03109600","qty":"0.10700000","quoteQty":"0.00332727","time":1606322466578,"isBuyerMaker":true,"isBestMatch":true},{"id":203314524,"price":"0.03109600","qty":"0.80300000","quoteQty":"0.02497008","time":1606322466578,"isBuyerMaker":true,"isBestMatch":true},{"id":203314525,"price":"0.03109700","qty":"0.16000000","quoteQty":"0.00497552","time":1606322467642,"isBuyerMaker":false,"isBestMatch":true},{"id":203314526,"price":"0.03109700","qty":"0.16000000","quoteQty":"0.00497552","time":1606322467659,"isBuyerMaker":false,"isBestMatch":true},{"id":203314527,"price":"0.03109700","qty":"0.16000000","quoteQty":"0.00497552","time":1606322467669,"isBuyerMaker":false,"isBestMatch":true},{"id":203314528,"price":"0.03109700","qty":"0.70900000","quoteQty":"0.02204777","time":1606322467775,"isBuyerMaker":false,"isBestMatch":true},{"id":203314529,"price":"0.03109700","qty":"0.49800000","quoteQty":"0.01548630","time":1606322467904,"isBuyerMaker":false,"isBestMatch":true},{"id":203314530,"price":"0.03109700","qty":"0.16600000","quoteQty":"0.00516210","time":1606322468625,"isBuyerMaker":false,"isBestMatch":true},{"id":203314531,"price":"0.03109700","qty":"0.23300000","quoteQty":"0.00724560","time":1606322468853,"isBuyerMaker":false,"isBestMatch":true},{"id":203314532,"price":"0.03109700","qty":"6.37300000","quoteQty":"0.19818118","time":1606322468932,"isBuyerMaker":false,"isBestMatch":true},{"id":203314533,"price":"0.03110000","qty":"0.25600000","quoteQty":"0.00796160","time":1606322469310,"isBuyerMaker":false,"isBestMatch":true},{"id":203314534,"price":"0.03110100","qty":"0.51000000","quoteQty":"0.01586151","time":1606322469318,"isBuyerMaker":false,"isBestMatch":true},{"id":203314535,"price":"0.03110300","qty":"8.45400000","quoteQty":"0.26294476","time":1606322469335,"isBuyerMaker":false,"isBestMatch":true},{"id":203314536,"price":"0.03110300","qty":"0.03200000","quoteQty":"0.00099529","time":1606322470886,"isBuyerMaker":true,"isBestMatch":true},{"id":203314537,"price":"0.03110300","qty":"0.14700000","quoteQty":"0.00457214","time":1606322470922,"isBuyerMaker":true,"isBestMatch":true},{"id":203314538,"price":"0.03110400","qty":"0.57400000","quoteQty":"0.01785369","time":1606322471985,"isBuyerMaker":false,"isBestMatch":true},{"id":203314539,"price":"0.03110400","qty":"1.13600000","quoteQty":"0.03533414","time":1606322472444,"isBuyerMaker":false,"isBestMatch":true},{"id":203314540,"price":"0.03110400","qty":"0.29000000","quoteQty":"0.00902016","time":1606322472735,"isBuyerMaker":false,"isBestMatch":true},{"id":203314541,"price":"0.03110100","qty":"0.10100000","quoteQty":"0.00314120","time":1606322473287,"isBuyerMaker":true,"isBestMatch":true},{"id":203314542,"price":"0.03110200","qty":"5.50600000","quoteQty":"0.17124761","time":1606322473906,"isBuyerMaker":false,"isBestMatch":true},{"id":203314543,"price":"0.03110200","qty":"12.10700000","quoteQty":"0.37655191","time":1606322473906,"isBuyerMaker":false,"isBestMatch":true},{"id":203314544,"price":"0.03110200","qty":"1.51900000","quoteQty":"0.04724393","time":1606322474041,"isBuyerMaker":false,"isBestMatch":true},{"id":203314545,"price":"0.03110300","qty":"0.06700000","quoteQty":"0.00208390","time":1606322474080,"isBuyerMaker":false,"isBestMatch":true},{"id":203314546,"price":"0.03110300","qty":"7.65600000","quoteQty":"0.23812456","time":1606322474335,"isBuyerMaker":false,"isBestMatch":true},{"id":203314547,"price":"0.03110300","qty":"0.18500000","quoteQty":"0.00575405","time":1606322474343,"isBuyerMaker":false,"isBestMatch":true},{"id":203314548,"price":"0.03110300","qty":"0.61300000","quoteQty":"0.01906613","time":1606322474343,"isBuyerMaker":false,"isBestMatch":true},{"id":203314549,"price":"0.03110400","qty":"0.12700000","quoteQty":"0.00395020","time":1606322474347,"isBuyerMaker":false,"isBestMatch":true},{"id":203314550,"price":"0.03110400","qty":"1.00000000","quoteQty":"0.03110400","time":1606322474347,"isBuyerMaker":false,"isBestMatch":true},{"id":203314551,"price":"0.03110500","qty":"0.18500000","quoteQty":"0.00575442","time":1606322474360,"isBuyerMaker":false,"isBestMatch":true},{"id":203314552,"price":"0.03110500","qty":"0.18500000","quoteQty":"0.00575442","time":1606322474380,"isBuyerMaker":false,"isBestMatch":true},{"id":203314553,"price":"0.03110500","qty":"0.09700000","quoteQty":"0.00301718","time":1606322474386,"isBuyerMaker":false,"isBestMatch":true},{"id":203314554,"price":"0.03111400","qty":"2.00000000","quoteQty":"0.06222800","time":1606322474466,"isBuyerMaker":false,"isBestMatch":true},{"id":203314555,"price":"0.03111300","qty":"0.01700000","quoteQty":"0.00052892","time":1606322474660,"isBuyerMaker":true,"isBestMatch":true},{"id":203314556,"price":"0.03111300","qty":"0.01900000","quoteQty":"0.00059114","time":1606322474705,"isBuyerMaker":true,"isBestMatch":true},{"id":203314557,"price":"0.03111600","qty":"0.85200000","quoteQty":"0.02651083","time":1606322474847,"isBuyerMaker":true,"isBestMatch":true},{"id":203314558,"price":"0.03111600","qty":"17.46300000","quoteQty":"0.54337870","time":1606322475832,"isBuyerMaker":true,"isBestMatch":true},{"id":203314559,"price":"0.03111600","qty":"0.28800000","quoteQty":"0.00896140","time":1606322476250,"isBuyerMaker":true,"isBestMatch":true},{"id":203314560,"price":"0.03111600","qty":"1.64200000","quoteQty":"0.05109247","time":1606322476767,"isBuyerMaker":true,"isBestMatch":true},{"id":203314561,"price":"0.03111600","qty":"4.07000000","quoteQty":"0.12664212","time":1606322477071,"isBuyerMaker":true,"isBestMatch":true},{"id":203314562,"price":"0.03111300","qty":"0.29200000","quoteQty":"0.00908499","time":1606322477198,"isBuyerMaker":true,"isBestMatch":true},{"id":203314563,"price":"0.03111100","qty":"17.24800000","quoteQty":"0.53660252","time":1606322477312,"isBuyerMaker":true,"isBestMatch":true},{"id":203314564,"price":"0.03111400","qty":"2.40600000","quoteQty":"0.07486028","time":1606322479463,"isBuyerMaker":true,"isBestMatch":true},{"id":203314565,"price":"0.03111400","qty":"0.34400000","quoteQty":"0.01070321","time":1606322480022,"isBuyerMaker":true,"isBestMatch":true},{"id":203314566,"price":"0.03111400","qty":"0.16000000","quoteQty":"0.00497824","time":1606322480038,"isBuyerMaker":true,"isBestMatch":true},{"id":203314567,"price":"0.03111200","qty":"0.25300000","quoteQty":"0.00787133","time":1606322480207,"isBuyerMaker":false,"isBestMatch":true},{"id":203314568,"price":"0.03111200","qty":"1.24000000","quoteQty":"0.03857888","time":1606322480533,"isBuyerMaker":false,"isBestMatch":true},{"id":203314569,"price":"0.03110900","qty":"6.00000000","quoteQty":"0.18665400","time":1606322481827,"isBuyerMaker":false,"isBestMatch":true},{"id":203314570,"price":"0.03111000","qty":"1.70000000","quoteQty":"0.05288700","time":1606322481827,"isBuyerMaker":false,"isBestMatch":true},{"id":203314571,"price":"0.03111200","qty":"0.10100000","quoteQty":"0.00314231","time":1606322481827,"isBuyerMaker":false,"isBestMatch":true},{"id":203314572,"price":"0.03111300","qty":"0.86700000","quoteQty":"0.02697497","time":1606322481827,"isBuyerMaker":false,"isBestMatch":true},{"id":203314573,"price":"0.03110900","qty":"0.04500000","quoteQty":"0.00139990","time":1606322482255,"isBuyerMaker":false,"isBestMatch":true},{"id":203314574,"price":"0.03110900","qty":"0.01200000","quoteQty":"0.00037330","time":1606322482255,"isBuyerMaker":false,"isBestMatch":true},{"id":203314575,"price":"0.03110900","qty":"0.01300000","quoteQty":"0.00040441","time":1606322482427,"isBuyerMaker":false,"isBestMatch":true},{"id":203314576,"price":"0.03110900","qty":"0.01300000","quoteQty":"0.00040441","time":1606322482673,"isBuyerMaker":false,"isBestMatch":true},{"id":203314577,"price":"0.03111200","qty":"0.26400000","quoteQty":"0.00821356","time":1606322483552,"isBuyerMaker":false,"isBestMatch":true},{"id":203314578,"price":"0.03111100","qty":"4.62100000","quoteQty":"0.14376393","time":1606322484961,"isBuyerMaker":true,"isBestMatch":true},{"id":203314579,"price":"0.03111100","qty":"0.21400000","quoteQty":"0.00665775","time":1606322484961,"isBuyerMaker":true,"isBestMatch":true},{"id":203314580,"price":"0.03110900","qty":"1.45600000","quoteQty":"0.04529470","time":1606322485154,"isBuyerMaker":false,"isBestMatch":true},{"id":203314581,"price":"0.03110900","qty":"5.81800000","quoteQty":"0.18099216","time":1606322485981,"isBuyerMaker":false,"isBestMatch":true},{"id":203314582,"price":"0.03110900","qty":"0.13000000","quoteQty":"0.00404417","time":1606322486221,"isBuyerMaker":false,"isBestMatch":true},{"id":203314583,"price":"0.03110900","qty":"0.93900000","quoteQty":"0.02921135","time":1606322487549,"isBuyerMaker":false,"isBestMatch":true},{"id":203314584,"price":"0.03110800","qty":"0.04300000","quoteQty":"0.00133764","time":1606322488755,"isBuyerMaker":true,"isBestMatch":true},{"id":203314585,"price":"0.03110800","qty":"0.04200000","quoteQty":"0.00130653","time":1606322490751,"isBuyerMaker":true,"isBestMatch":true},{"id":203314586,"price":"0.03110900","qty":"0.09100000","quoteQty":"0.00283091","time":1606322491747,"isBuyerMaker":false,"isBestMatch":true},{"id":203314587,"price":"0.03110800","qty":"0.04200000","quoteQty":"0.00130653","time":1606322491755,"isBuyerMaker":true,"isBestMatch":true},{"id":203314588,"price":"0.03111100","qty":"0.00500000","quoteQty":"0.00015555","time":1606322492073,"isBuyerMaker":false,"isBestMatch":true},{"id":203314589,"price":"0.03111200","qty":"8.17900000","quoteQty":"0.25446504","time":1606322492514,"isBuyerMaker":false,"isBestMatch":true},{"id":203314590,"price":"0.03111200","qty":"1.69900000","quoteQty":"0.05285928","time":1606322492514,"isBuyerMaker":false,"isBestMatch":true},{"id":203314591,"price":"0.03111200","qty":"0.16000000","quoteQty":"0.00497792","time":1606322492521,"isBuyerMaker":false,"isBestMatch":true},{"id":203314592,"price":"0.03111200","qty":"3.34800000","quoteQty":"0.10416297","time":1606322492624,"isBuyerMaker":false,"isBestMatch":true},{"id":203314593,"price":"0.03111200","qty":"1.45600000","quoteQty":"0.04529907","time":1606322492719,"isBuyerMaker":false,"isBestMatch":true},{"id":203314594,"price":"0.03111200","qty":"0.00900000","quoteQty":"0.00028000","time":1606322493526,"isBuyerMaker":false,"isBestMatch":true},{"id":203314595,"price":"0.03111100","qty":"0.74600000","quoteQty":"0.02320880","time":1606322493847,"isBuyerMaker":true,"isBestMatch":true},{"id":203314596,"price":"0.03111100","qty":"0.53900000","quoteQty":"0.01676882","time":1606322494849,"isBuyerMaker":true,"isBestMatch":true},{"id":203314597,"price":"0.03110800","qty":"0.00700000","quoteQty":"0.00021775","time":1606322496885,"isBuyerMaker":false,"isBestMatch":true},{"id":203314598,"price":"0.03110600","qty":"2.50000000","quoteQty":"0.07776500","time":1606322497256,"isBuyerMaker":true,"isBestMatch":true},{"id":203314599,"price":"0.03110400","qty":"2.00000000","quoteQty":"0.06220800","time":1606322498715,"isBuyerMaker":true,"isBestMatch":true},{"id":203314600,"price":"0.03110300","qty":"0.05500000","quoteQty":"0.00171066","time":1606322498728,"isBuyerMaker":true,"isBestMatch":true},{"id":203314601,"price":"0.03109700","qty":"0.00500000","quoteQty":"0.00015548","time":1606322499182,"isBuyerMaker":true,"isBestMatch":true},{"id":203314602,"price":"0.03109800","qty":"5.00000000","quoteQty":"0.15549000","time":1606322499524,"isBuyerMaker":false,"isBestMatch":true},{"id":203314603,"price":"0.03109800","qty":"0.95600000","quoteQty":"0.02972968","time":1606322499561,"isBuyerMaker":false,"isBestMatch":true},{"id":203314604,"price":"0.03110100","qty":"0.11500000","quoteQty":"0.00357661","time":1606322499659,"isBuyerMaker":false,"isBestMatch":true},{"id":203314605,"price":"0.03110300","qty":"2.48200000","quoteQty":"0.07719764","time":1606322499659,"isBuyerMaker":false,"isBestMatch":true},{"id":203314606,"price":"0.03110000","qty":"1.57600000","quoteQty":"0.04901360","time":1606322499745,"isBuyerMaker":false,"isBestMatch":true},{"id":203314607,"price":"0.03109800","qty":"0.33100000","quoteQty":"0.01029343","time":1606322499849,"isBuyerMaker":false,"isBestMatch":true},{"id":203314608,"price":"0.03109700","qty":"0.01100000","quoteQty":"0.00034206","time":1606322500363,"isBuyerMaker":true,"isBestMatch":true},{"id":203314609,"price":"0.03110000","qty":"0.48500000","quoteQty":"0.01508350","time":1606322500896,"isBuyerMaker":false,"isBestMatch":true},{"id":203314610,"price":"0.03110000","qty":"0.93900000","quoteQty":"0.02920290","time":1606322501002,"isBuyerMaker":false,"isBestMatch":true},{"id":203314611,"price":"0.03110600","qty":"0.10000000","quoteQty":"0.00311060","time":1606322501267,"isBuyerMaker":false,"isBestMatch":true},{"id":203314612,"price":"0.03110300","qty":"2.19800000","quoteQty":"0.06836439","time":1606322502738,"isBuyerMaker":true,"isBestMatch":true},{"id":203314613,"price":"0.03110400","qty":"1.03900000","quoteQty":"0.03231705","time":1606322503219,"isBuyerMaker":false,"isBestMatch":true},{"id":203314614,"price":"0.03110700","qty":"0.23000000","quoteQty":"0.00715461","time":1606322503463,"isBuyerMaker":false,"isBestMatch":true},{"id":203314615,"price":"0.03111000","qty":"0.08900000","quoteQty":"0.00276879","time":1606322503985,"isBuyerMaker":true,"isBestMatch":true},{"id":203314616,"price":"0.03111000","qty":"0.39100000","quoteQty":"0.01216401","time":1606322503985,"isBuyerMaker":true,"isBestMatch":true}]