[
{"id":203310750,"price":"0.03111200","qty":"0.05900000","quoteQty":"0.00183560","time":1606321452158,"isBuyerMaker":false,"isBestMatch":true},
{"id":203310751,"price":"0.03111100","qty":"0.10800000","quoteQty":"0.00335998","time":1606321452212,"isBuyerMaker":false,"isBestMatch":true},
{"id":203310752,"price":"0.03111200","qty":"0.51700000","quoteQty":"0.01608490","time":1606321452212,"isBuyerMaker":false,"isBestMatch":true},
{"id":203310753,"price":"0.03111200","qty":"0.62500000","quoteQty":"0.01944500","time":1606321452219,"isBuyerMaker":false,"isBestMatch":true},
{"id":203310754,"price":"0.03111200","qty":"0.22500000","quoteQty":"0.00700020","time":1606321452222,"isBuyerMaker":false,"isBestMatch":true},
{"id":203310755,"price":"0.03111300","qty":"0.15600000","quoteQty":"0.00485362","time":1606321452222,"isBuyerMaker":false,"isBestMatch":true},
{"id":203310756,"price":"0.03111600","qty":"0.24400000","quoteQty":"0.00759230","time":1606321452222,"isBuyerMaker":false,"isBestMatch":true},
{"id":203310757,"price":"0.03111600","qty":"0.39800000","quoteQty":"0.01238416","time":1606321452222,"isBuyerMaker":false,"isBestMatch":true},
{"id":203310758,"price":"0.03111600","qty":"0.13600000","quoteQty":"0.00423177","time":1606321452222,"isBuyerMaker":false,"isBestMatch":true},
{"id":203310759,"price":"0.03111700","qty":"0.09100000","quoteQty":"0.00283164","time":1606321452222,"isBuyerMaker":false,"isBestMatch":true},
{"id":203310760,"price":"0.03111700","qty":"0.23000000","quoteQty":"0.00715691","time":1606321452222,"isBuyerMaker":false,"isBestMatch":true},
{"id":203310761,"price":"0.03111800","qty":"0.07000000","quoteQty":"0.00217826","time":1606321452222,"isBuyerMaker":false,"isBestMatch":true},
{"id":203310762,"price":"0.03112000","qty":"0.32500000","quoteQty":"0.01011400","time":1606321452222,"isBuyerMaker":false,"isBestMatch":true},
{"id":203310763,"price":"0.03112000","qty":"0.62500000","quoteQty":"0.01945000","time":1606321452222,"isBuyerMaker":false,"isBestMatch":true},
{"id":203310764,"price":"0.03111100","qty":"0.10800000","quoteQty":"0.00335998","time":1606321452277,"isBuyerMaker":false,"isBestMatch":true},
{"id":203310765,"price":"0.03112000","qty":"0.23300000","quoteQty":"0.00725096","time":1606321452277,"isBuyerMaker":false,"isBestMatch":true},
{"id":203310766,"price":"0.03112000","qty":"0.14200000","quoteQty":"0.00441904","time":1606321452290,"isBuyerMaker":false,"isBestMatch":true},
{"id":203310767,"price":"0.03111600","qty":"0.17600000","quoteQty":"0.00547641","time":1606321452950,"isBuyerMaker":false,"isBestMatch":true},
{"id":203310768,"price":"0.03111700","qty":"1.32200000","quoteQty":"0.04113667","time":1606321452950,"isBuyerMaker":false,"isBestMatch":true},
{"id":203310769,"price":"0.03110100","qty":"1.00000000","quoteQty":"0.03110100","time":1606321453399,"isBuyerMaker":true,"isBestMatch":true},
{"id":203310770,"price":"0.03110300","qty":"0.24400000","quoteQty":"0.00758913","time":1606321453576,"isBuyerMaker":true,"isBestMatch":true},
{"id":203310771,"price":"0.03110300","qty":"7.51100000","quoteQty":"0.23361463","time":1606321453585,"isBuyerMaker":true,"isBestMatch":true},
{"id":203310772,"price":"0.03109700","qty":"1.00000000","quoteQty":"0.03109700","time":1606321453585,"isBuyerMaker":true,"isBestMatch":true},
{"id":203310773,"price":"0.03109400","qty":"12.50000000","quoteQty":"0.38867500","time":1606321453585,"isBuyerMaker":true,"isBestMatch":true},
{"id":203310774,"price":"0.03109300","qty":"7.66300000","quoteQty":"0.23826565","time":1606321453585,"isBuyerMaker":true,"isBestMatch":true},
{"id":203310775,"price":"0.03109100","qty":"4.00000000","quoteQty":"0.12436400","time":1606321453585,"isBuyerMaker":true,"isBestMatch":true},
{"id":203310776,"price":"0.03109000","qty":"1.84600000","quoteQty":"0.05739214","time":1606321453585,"isBuyerMaker":true,"isBestMatch":true},
{"id":203310777,"price":"0.03110800","qty":"1.81200000","quoteQty":"0.05636769","time":1606321453609,"isBuyerMaker":true,"isBestMatch":true},
{"id":203310778,"price":"0.03110800","qty":"0.18800000","quoteQty":"0.00584830","time":1606321453612,"isBuyerMaker":true,"isBestMatch":true},
{"id":203310779,"price":"0.03108600","qty":"1.73400000","quoteQty":"0.05390312","time":1606321454413,"isBuyerMaker":true,"isBestMatch":true},
{"id":203310780,"price":"0.03110000","qty":"0.01300000","quoteQty":"0.00040430","time":1606321454947,"isBuyerMaker":false,"isBestMatch":true},
{"id":203310781,"price":"0.03109800","qty":"1.79600000","quoteQty":"0.05585200","time":1606321455100,"isBuyerMaker":true,"isBestMatch":true},
{"id":203310782,"price":"0.03109900","qty":"1.07200000","quoteQty":"0.03333812","time":1606321455285,"isBuyerMaker":true,"isBestMatch":true},
{"id":203310783,"price":"0.03109800","qty":"0.20400000","quoteQty":"0.00634399","time":1606321455441,"isBuyerMaker":true,"isBestMatch":true},
{"id":203310784,"price":"0.03109300","qty":"0.01300000","quoteQty":"0.00040420","time":1606321455548,"isBuyerMaker":true,"isBestMatch":true},
{"id":203310785,"price":"0.03109400","qty":"0.15000000","quoteQty":"0.00466410","time":1606321455766,"isBuyerMaker":true,"isBestMatch":true},
{"id":203310786,"price":"0.03108800","qty":"0.02400000","quoteQty":"0.00074611","time":1606321456058,"isBuyerMaker":true,"isBestMatch":true},
{"id":203310787,"price":"0.03109100","qty":"0.10300000","quoteQty":"0.00320237","time":1606321456723,"isBuyerMaker":false,"isBestMatch":true}
]