[{"id":47789876,"price":"0.00417200","qty":"0.68000000","quoteQty":"0.00283696","time":1607949665562,"isBuyerMaker":true,"isBestMatch":true},{"id":47789877,"price":"0.00417200","qty":"0.32000000","quoteQty":"0.00133504","time":1607949665562,"isBuyerMaker":true,"isBestMatch":true},{"id":47789878,"price":"0.00417300","qty":"3.91000000","quoteQty":"0.01631643","time":1607949666273,"isBuyerMaker":false,"isBestMatch":true},{"id":47789879,"price":"0.00417400","qty":"0.99000000","quoteQty":"0.00413226","time":1607949672875,"isBuyerMaker":false,"isBestMatch":true},{"id":47789880,"price":"0.00417400","qty":"8.56000000","quoteQty":"0.03572944","time":1607949676105,"isBuyerMaker":true,"isBestMatch":true},{"id":47789881,"price":"0.00417300","qty":"11.19000000","quoteQty":"0.04669587","time":1607949679726,"isBuyerMaker":true,"isBestMatch":true},{"id":47789882,"price":"0.00417200","qty":"1.86000000","quoteQty":"0.00775992","time":1607949684426,"isBuyerMaker":true,"isBestMatch":true},{"id":47789883,"price":"0.00417200","qty":"0.58000000","quoteQty":"0.00241976","time":1607949684501,"isBuyerMaker":true,"isBestMatch":true},{"id":47789884,"price":"0.00417300","qty":"0.03000000","quoteQty":"0.00012519","time":1607949684535,"isBuyerMaker":false,"isBestMatch":true},{"id":47789885,"price":"0.00417300","qty":"0.09000000","quoteQty":"0.00037557","time":1607949691350,"isBuyerMaker":true,"isBestMatch":true},{"id":47789886,"price":"0.00417400","qty":"6.10000000","quoteQty":"0.02546140","time":1607949691851,"isBuyerMaker":true,"isBestMatch":true},{"id":47789887,"price":"0.00417500","qty":"0.20000000","quoteQty":"0.00083500","time":1607949709380,"isBuyerMaker":false,"isBestMatch":true},{"id":47789888,"price":"0.00417500","qty":"27.86000000","quoteQty":"0.11631550","time":1607949710666,"isBuyerMaker":false,"isBestMatch":true},{"id":47789889,"price":"0.00417500","qty":"0.13000000","quoteQty":"0.00054275","time":1607949716023,"isBuyerMaker":false,"isBestMatch":true},{"id":47789890,"price":"0.00417500","qty":"0.47000000","quoteQty":"0.00196225","time":1607949716255,"isBuyerMaker":false,"isBestMatch":true},{"id":47789891,"price":"0.00417400","qty":"0.13000000","quoteQty":"0.00054262","time":1607949718595,"isBuyerMaker":true,"isBestMatch":true},{"id":47789892,"price":"0.00417400","qty":"0.02000000","quoteQty":"0.00008348","time":1607949725461,"isBuyerMaker":false,"isBestMatch":true},{"id":47789893,"price":"0.00417500","qty":"1.34000000","quoteQty":"0.00559450","time":1607949725461,"isBuyerMaker":false,"isBestMatch":true},{"id":47789894,"price":"0.00417500","qty":"3.36000000","quoteQty":"0.01402800","time":1607949725461,"isBuyerMaker":false,"isBestMatch":true},{"id":47789895,"price":"0.00417800","qty":"21.48000000","quoteQty":"0.08974344","time":1607949734116,"isBuyerMaker":false,"isBestMatch":true},{"id":47789896,"price":"0.00417800","qty":"4.91000000","quoteQty":"0.02051398","time":1607949734495,"isBuyerMaker":false,"isBestMatch":true},{"id":47789897,"price":"0.00417900","qty":"6.20000000","quoteQty":"0.02590980","time":1607949734602,"isBuyerMaker":false,"isBestMatch":true},{"id":47789898,"price":"0.00417900","qty":"2.32000000","quoteQty":"0.00969528","time":1607949734602,"isBuyerMaker":false,"isBestMatch":true},{"id":47789899,"price":"0.00417700","qty":"7.13000000","quoteQty":"0.02978201","time":1607949737411,"isBuyerMaker":true,"isBestMatch":true},{"id":47789900,"price":"0.00417900","qty":"0.03000000","quoteQty":"0.00012537","time":1607949744381,"isBuyerMaker":true,"isBestMatch":true},{"id":47789901,"price":"0.00417900","qty":"0.09000000","quoteQty":"0.00037611","time":1607949747469,"isBuyerMaker":true,"isBestMatch":true},{"id":47789902,"price":"0.00418000","qty":"1.00000000","quoteQty":"0.00418000","time":1607949749557,"isBuyerMaker":false,"isBestMatch":true},{"id":47789903,"price":"0.00418000","qty":"2.00000000","quoteQty":"0.00836000","time":1607949772078,"isBuyerMaker":false,"isBestMatch":true},{"id":47789904,"price":"0.00418200","qty":"30.00000000","quoteQty":"0.12546000","time":1607949774612,"isBuyerMaker":false,"isBestMatch":true},{"id":47789905,"price":"0.00418300","qty":"3.18000000","quoteQty":"0.01330194","time":1607949774619,"isBuyerMaker":false,"isBestMatch":true},{"id":47789906,"price":"0.00418300","qty":"6.75000000","quoteQty":"0.02823525","time":1607949774619,"isBuyerMaker":false,"isBestMatch":true},{"id":47789907,"price":"0.00418400","qty":"25.00000000","quoteQty":"0.10460000","time":1607949774630,"isBuyerMaker":false,"isBestMatch":true},{"id":47789908,"price":"0.00418400","qty":"1.94000000","quoteQty":"0.00811696","time":1607949774640,"isBuyerMaker":false,"isBestMatch":true},{"id":47789909,"price":"0.00418400","qty":"6.47000000","quoteQty":"0.02707048","time":1607949774641,"isBuyerMaker":false,"isBestMatch":true},{"id":47789910,"price":"0.00418400","qty":"12.00000000","quoteQty":"0.05020800","time":1607949774643,"isBuyerMaker":false,"isBestMatch":true},{"id":47789911,"price":"0.00418500","qty":"0.89000000","quoteQty":"0.00372465","time":1607949776286,"isBuyerMaker":false,"isBestMatch":true},{"id":47789912,"price":"0.00418500","qty":"0.21000000","quoteQty":"0.00087885","time":1607949776629,"isBuyerMaker":false,"isBestMatch":true},{"id":47789913,"price":"0.00418500","qty":"0.06000000","quoteQty":"0.00025110","time":1607949776629,"isBuyerMaker":false,"isBestMatch":true},{"id":47789914,"price":"0.00418500","qty":"2.42000000","quoteQty":"0.01012770","time":1607949776629,"isBuyerMaker":false,"isBestMatch":true},{"id":47789915,"price":"0.00418500","qty":"1.40000000","quoteQty":"0.00585900","time":1607949776677,"isBuyerMaker":false,"isBestMatch":true},{"id":47789916,"price":"0.00418400","qty":"0.15000000","quoteQty":"0.00062760","time":1607949777334,"isBuyerMaker":true,"isBestMatch":true},{"id":47789917,"price":"0.00418400","qty":"0.51000000","quoteQty":"0.00213384","time":1607949778841,"isBuyerMaker":false,"isBestMatch":true},{"id":47789918,"price":"0.00418300","qty":"4.83000000","quoteQty":"0.02020389","time":1607949779337,"isBuyerMaker":true,"isBestMatch":true},{"id":47789919,"price":"0.00418500","qty":"1.25000000","quoteQty":"0.00523125","time":1607949787092,"isBuyerMaker":false,"isBestMatch":true},{"id":47789920,"price":"0.00418400","qty":"18.00000000","quoteQty":"0.07531200","time":1607949787937,"isBuyerMaker":true,"isBestMatch":true},{"id":47789921,"price":"0.00418400","qty":"30.00000000","quoteQty":"0.12552000","time":1607949787937,"isBuyerMaker":true,"isBestMatch":true},{"id":47789922,"price":"0.00418400","qty":"0.65000000","quoteQty":"0.00271960","time":1607949787937,"isBuyerMaker":true,"isBestMatch":true},{"id":47789923,"price":"0.00418400","qty":"11.35000000","quoteQty":"0.04748840","time":1607949787950,"isBuyerMaker":false,"isBestMatch":true},{"id":47789924,"price":"0.00418300","qty":"0.69000000","quoteQty":"0.00288627","time":1607949789901,"isBuyerMaker":false,"isBestMatch":true},{"id":47789925,"price":"0.00418400","qty":"3.09000000","quoteQty":"0.01292856","time":1607949797689,"isBuyerMaker":true,"isBestMatch":true},{"id":47789926,"price":"0.00418400","qty":"26.91000000","quoteQty":"0.11259144","time":1607949797712,"isBuyerMaker":true,"isBestMatch":true},{"id":47789927,"price":"0.00418300","qty":"6.02000000","quoteQty":"0.02518166","time":1607949797871,"isBuyerMaker":true,"isBestMatch":true},{"id":47789928,"price":"0.00418300","qty":"8.60000000","quoteQty":"0.03597380","time":1607949797900,"isBuyerMaker":true,"isBestMatch":true},{"id":47789929,"price":"0.00418300","qty":"2.97000000","quoteQty":"0.01242351","time":1607949797907,"isBuyerMaker":true,"isBestMatch":true},{"id":47789930,"price":"0.00418300","qty":"12.41000000","quoteQty":"0.05191103","time":1607949797966,"isBuyerMaker":true,"isBestMatch":true},{"id":47789931,"price":"0.00418300","qty":"0.62000000","quoteQty":"0.00259346","time":1607949798351,"isBuyerMaker":false,"isBestMatch":true},{"id":47789932,"price":"0.00418400","qty":"15.99000000","quoteQty":"0.06690216","time":1607949802658,"isBuyerMaker":false,"isBestMatch":true},{"id":47789933,"price":"0.00418300","qty":"0.22000000","quoteQty":"0.00092026","time":1607949803615,"isBuyerMaker":true,"isBestMatch":true},{"id":47789934,"price":"0.00418300","qty":"0.10000000","quoteQty":"0.00041830","time":1607949810171,"isBuyerMaker":true,"isBestMatch":true},{"id":47789935,"price":"0.00418300","qty":"14.84000000","quoteQty":"0.06207572","time":1607949810632,"isBuyerMaker":true,"isBestMatch":true},{"id":47789936,"price":"0.00418300","qty":"5.64000000","quoteQty":"0.02359212","time":1607949810775,"isBuyerMaker":false,"isBestMatch":true},{"id":47789937,"price":"0.00418100","qty":"6.10000000","quoteQty":"0.02550410","time":1607949812946,"isBuyerMaker":true,"isBestMatch":true},{"id":47789938,"price":"0.00418100","qty":"23.90000000","quoteQty":"0.09992590","time":1607949813785,"isBuyerMaker":true,"isBestMatch":true},{"id":47789939,"price":"0.00418100","qty":"34.00000000","quoteQty":"0.14215400","time":1607949813785,"isBuyerMaker":true,"isBestMatch":true},{"id":47789940,"price":"0.00418100","qty":"1.43000000","quoteQty":"0.00597883","time":1607949823436,"isBuyerMaker":false,"isBestMatch":true},{"id":47789941,"price":"0.00418100","qty":"0.67000000","quoteQty":"0.00280127","time":1607949823516,"isBuyerMaker":false,"isBestMatch":true},{"id":47789942,"price":"0.00418000","qty":"0.03000000","quoteQty":"0.00012540","time":1607949830867,"isBuyerMaker":true,"isBestMatch":true},{"id":47789943,"price":"0.00418000","qty":"1.63000000","quoteQty":"0.00681340","time":1607949840675,"isBuyerMaker":true,"isBestMatch":true},{"id":47789944,"price":"0.00418000","qty":"1.63000000","quoteQty":"0.00681340","time":1607949842674,"isBuyerMaker":true,"isBestMatch":true},{"id":47789945,"price":"0.00418100","qty":"2.83000000","quoteQty":"0.01183223","time":1607949843291,"isBuyerMaker":false,"isBestMatch":true},{"id":47789946,"price":"0.00418100","qty":"23.75000000","quoteQty":"0.09929875","time":1607949843327,"isBuyerMaker":false,"isBestMatch":true},{"id":47789947,"price":"0.00418100","qty":"1.63000000","quoteQty":"0.00681503","time":1607949843365,"isBuyerMaker":false,"isBestMatch":true},{"id":47789948,"price":"0.00418300","qty":"0.15000000","quoteQty":"0.00062745","time":1607949853279,"isBuyerMaker":false,"isBestMatch":true},{"id":47789949,"price":"0.00418400","qty":"3.52000000","quoteQty":"0.01472768","time":1607949861627,"isBuyerMaker":false,"isBestMatch":true},{"id":47789950,"price":"0.00418400","qty":"1.61000000","quoteQty":"0.00673624","time":1607949862163,"isBuyerMaker":false,"isBestMatch":true},{"id":47789951,"price":"0.00418400","qty":"0.10000000","quoteQty":"0.00041840","time":1607949874947,"isBuyerMaker":true,"isBestMatch":true},{"id":47789952,"price":"0.00418400","qty":"0.03000000","quoteQty":"0.00012552","time":1607949877964,"isBuyerMaker":true,"isBestMatch":true},{"id":47789953,"price":"0.00418300","qty":"16.73000000","quoteQty":"0.06998159","time":1607949887646,"isBuyerMaker":true,"isBestMatch":true},{"id":47789954,"price":"0.00418400","qty":"18.19000000","quoteQty":"0.07610696","time":1607949891878,"isBuyerMaker":true,"isBestMatch":true},{"id":47789955,"price":"0.00418300","qty":"0.03000000","quoteQty":"0.00012549","time":1607949896314,"isBuyerMaker":true,"isBestMatch":true},{"id":47789956,"price":"0.00418300","qty":"0.23000000","quoteQty":"0.00096209","time":1607949907842,"isBuyerMaker":true,"isBestMatch":true},{"id":47789957,"price":"0.00418300","qty":"29.77000000","quoteQty":"0.12452791","time":1607949907943,"isBuyerMaker":true,"isBestMatch":true},{"id":47789958,"price":"0.00418000","qty":"0.47000000","quoteQty":"0.00196460","time":1607949907948,"isBuyerMaker":true,"isBestMatch":true},{"id":47789959,"price":"0.00418000","qty":"0.49000000","quoteQty":"0.00204820","time":1607949907948,"isBuyerMaker":true,"isBestMatch":true},{"id":47789960,"price":"0.00418100","qty":"2.54000000","quoteQty":"0.01061974","time":1607949909241,"isBuyerMaker":true,"isBestMatch":true},{"id":47789961,"price":"0.00418200","qty":"5.71000000","quoteQty":"0.02387922","time":1607949909455,"isBuyerMaker":false,"isBestMatch":true},{"id":47789962,"price":"0.00418100","qty":"1.65000000","quoteQty":"0.00689865","time":1607949909788,"isBuyerMaker":true,"isBestMatch":true},{"id":47789963,"price":"0.00418100","qty":"2.20000000","quoteQty":"0.00919820","time":1607949910408,"isBuyerMaker":true,"isBestMatch":true},{"id":47789964,"price":"0.00418100","qty":"1.55000000","quoteQty":"0.00648055","time":1607949911425,"isBuyerMaker":true,"isBestMatch":true},{"id":47789965,"price":"0.00418100","qty":"1.10000000","quoteQty":"0.00459910","time":1607949911469,"isBuyerMaker":true,"isBestMatch":true},{"id":47789966,"price":"0.00418100","qty":"2.73000000","quoteQty":"0.01141413","time":1607949911500,"isBuyerMaker":true,"isBestMatch":true},{"id":47789967,"price":"0.00418100","qty":"1.02000000","quoteQty":"0.00426462","time":1607949911543,"isBuyerMaker":true,"isBestMatch":true},{"id":47789968,"price":"0.00418100","qty":"1.00000000","quoteQty":"0.00418100","time":1607949911573,"isBuyerMaker":true,"isBestMatch":true},{"id":47789969,"price":"0.00418100","qty":"1.12000000","quoteQty":"0.00468272","time":1607949911602,"isBuyerMaker":true,"isBestMatch":true},{"id":47789970,"price":"0.00418100","qty":"1.03000000","quoteQty":"0.00430643","time":1607949911631,"isBuyerMaker":true,"isBestMatch":true},{"id":47789971,"price":"0.00418100","qty":"1.03000000","quoteQty":"0.00430643","time":1607949911660,"isBuyerMaker":true,"isBestMatch":true},{"id":47789972,"price":"0.00418100","qty":"1.32000000","quoteQty":"0.00551892","time":1607949911685,"isBuyerMaker":true,"isBestMatch":true},{"id":47789973,"price":"0.00418100","qty":"0.89000000","quoteQty":"0.00372109","time":1607949911836,"isBuyerMaker":true,"isBestMatch":true},{"id":47789974,"price":"0.00418100","qty":"0.84000000","quoteQty":"0.00351204","time":1607949911889,"isBuyerMaker":true,"isBestMatch":true},{"id":47789975,"price":"0.00418100","qty":"0.82000000","quoteQty":"0.00342842","time":1607949911935,"isBuyerMaker":true,"isBestMatch":true},{"id":47789976,"price":"0.00418100","qty":"0.84000000","quoteQty":"0.00351204","time":1607949911997,"isBuyerMaker":true,"isBestMatch":true},{"id":47789977,"price":"0.00418100","qty":"0.82000000","quoteQty":"0.00342842","time":1607949912052,"isBuyerMaker":true,"isBestMatch":true},{"id":47789978,"price":"0.00418100","qty":"0.81000000","quoteQty":"0.00338661","time":1607949912111,"isBuyerMaker":true,"isBestMatch":true},{"id":47789979,"price":"0.00418100","qty":"1.15000000","quoteQty":"0.00480815","time":1607949912182,"isBuyerMaker":true,"isBestMatch":true},{"id":47789980,"price":"0.00418100","qty":"0.28000000","quoteQty":"0.00117068","time":1607949912204,"isBuyerMaker":true,"isBestMatch":true},{"id":47789981,"price":"0.00418100","qty":"1.27000000","quoteQty":"0.00530987","time":1607949913470,"isBuyerMaker":true,"isBestMatch":true},{"id":47789982,"price":"0.00418200","qty":"0.19000000","quoteQty":"0.00079458","time":1607949913940,"isBuyerMaker":false,"isBestMatch":true},{"id":47789983,"price":"0.00418100","qty":"0.55000000","quoteQty":"0.00229955","time":1607949914966,"isBuyerMaker":true,"isBestMatch":true},{"id":47789984,"price":"0.00418100","qty":"1.18000000","quoteQty":"0.00493358","time":1607949915079,"isBuyerMaker":true,"isBestMatch":true},{"id":47789985,"price":"0.00418100","qty":"2.26000000","quoteQty":"0.00944906","time":1607949915101,"isBuyerMaker":true,"isBestMatch":true},{"id":47789986,"price":"0.00418000","qty":"1.18000000","quoteQty":"0.00493240","time":1607949915101,"isBuyerMaker":true,"isBestMatch":true},{"id":47789987,"price":"0.00418000","qty":"23.64000000","quoteQty":"0.09881520","time":1607949917385,"isBuyerMaker":true,"isBestMatch":true},{"id":47789988,"price":"0.00418000","qty":"6.36000000","quoteQty":"0.02658480","time":1607949917410,"isBuyerMaker":true,"isBestMatch":true},{"id":47789989,"price":"0.00418000","qty":"2.27000000","quoteQty":"0.00948860","time":1607949918295,"isBuyerMaker":true,"isBestMatch":true},{"id":47789990,"price":"0.00418000","qty":"2.27000000","quoteQty":"0.00948860","time":1607949918505,"isBuyerMaker":true,"isBestMatch":true},{"id":47789991,"price":"0.00418000","qty":"2.78000000","quoteQty":"0.01162040","time":1607949920158,"isBuyerMaker":true,"isBestMatch":true},{"id":47789992,"price":"0.00418000","qty":"3.00000000","quoteQty":"0.01254000","time":1607949920186,"isBuyerMaker":true,"isBestMatch":true},{"id":47789993,"price":"0.00418000","qty":"2.78000000","quoteQty":"0.01162040","time":1607949921023,"isBuyerMaker":true,"isBestMatch":true},{"id":47789994,"price":"0.00418000","qty":"3.36000000","quoteQty":"0.01404480","time":1607949921475,"isBuyerMaker":true,"isBestMatch":true},{"id":47789995,"price":"0.00418000","qty":"1.27000000","quoteQty":"0.00530860","time":1607949921511,"isBuyerMaker":true,"isBestMatch":true},{"id":47789996,"price":"0.00418000","qty":"8.56000000","quoteQty":"0.03578080","time":1607949921604,"isBuyerMaker":true,"isBestMatch":true},{"id":47789997,"price":"0.00417900","qty":"0.18000000","quoteQty":"0.00075222","time":1607949926131,"isBuyerMaker":true,"isBestMatch":true},{"id":47789998,"price":"0.00417900","qty":"1.25000000","quoteQty":"0.00522375","time":1607949926165,"isBuyerMaker":true,"isBestMatch":true},{"id":47789999,"price":"0.00417900","qty":"1.44000000","quoteQty":"0.00601776","time":1607949926215,"isBuyerMaker":true,"isBestMatch":true},{"id":47790000,"price":"0.00417900","qty":"1.00000000","quoteQty":"0.00417900","time":1607949926372,"isBuyerMaker":true,"isBestMatch":true},{"id":47790001,"price":"0.00417900","qty":"1.02000000","quoteQty":"0.00426258","time":1607949926526,"isBuyerMaker":true,"isBestMatch":true},{"id":47790002,"price":"0.00418000","qty":"3.42000000","quoteQty":"0.01429560","time":1607949926612,"isBuyerMaker":false,"isBestMatch":true},{"id":47790003,"price":"0.00417900","qty":"0.96000000","quoteQty":"0.00401184","time":1607949926625,"isBuyerMaker":true,"isBestMatch":true},{"id":47790004,"price":"0.00417900","qty":"24.15000000","quoteQty":"0.10092285","time":1607949927124,"isBuyerMaker":true,"isBestMatch":true},{"id":47790005,"price":"0.00417900","qty":"1.17000000","quoteQty":"0.00488943","time":1607949927232,"isBuyerMaker":true,"isBestMatch":true},{"id":47790006,"price":"0.00417900","qty":"0.92000000","quoteQty":"0.00384468","time":1607949927259,"isBuyerMaker":true,"isBestMatch":true},{"id":47790007,"price":"0.00417900","qty":"0.94000000","quoteQty":"0.00392826","time":1607949927289,"isBuyerMaker":true,"isBestMatch":true},{"id":47790008,"price":"0.00417900","qty":"0.89000000","quoteQty":"0.00371931","time":1607949927340,"isBuyerMaker":true,"isBestMatch":true},{"id":47790009,"price":"0.00417900","qty":"2.45000000","quoteQty":"0.01023855","time":1607949927826,"isBuyerMaker":true,"isBestMatch":true},{"id":47790010,"price":"0.00417900","qty":"5.58000000","quoteQty":"0.02331882","time":1607949927868,"isBuyerMaker":true,"isBestMatch":true},{"id":47790011,"price":"0.00417900","qty":"0.10000000","quoteQty":"0.00041790","time":1607949928312,"isBuyerMaker":true,"isBestMatch":true},{"id":47790012,"price":"0.00417900","qty":"0.97000000","quoteQty":"0.00405363","time":1607949929957,"isBuyerMaker":true,"isBestMatch":true},{"id":47790013,"price":"0.00417900","qty":"1.38000000","quoteQty":"0.00576702","time":1607949932552,"isBuyerMaker":true,"isBestMatch":true},{"id":47790014,"price":"0.00417900","qty":"1.70000000","quoteQty":"0.00710430","time":1607949933167,"isBuyerMaker":true,"isBestMatch":true},{"id":47790015,"price":"0.00417900","qty":"0.77000000","quoteQty":"0.00321783","time":1607949933252,"isBuyerMaker":true,"isBestMatch":true},{"id":47790016,"price":"0.00417900","qty":"0.73000000","quoteQty":"0.00305067","time":1607949933260,"isBuyerMaker":true,"isBestMatch":true},{"id":47790017,"price":"0.00417900","qty":"0.75000000","quoteQty":"0.00313425","time":1607949933430,"isBuyerMaker":true,"isBestMatch":true},{"id":47790018,"price":"0.00417900","qty":"0.73000000","quoteQty":"0.00305067","time":1607949933460,"isBuyerMaker":true,"isBestMatch":true},{"id":47790019,"price":"0.00417900","qty":"0.72000000","quoteQty":"0.00300888","time":1607949933532,"isBuyerMaker":true,"isBestMatch":true},{"id":47790020,"price":"0.00417900","qty":"6.10000000","quoteQty":"0.02549190","time":1607949934932,"isBuyerMaker":true,"isBestMatch":true},{"id":47790021,"price":"0.00418000","qty":"0.10000000","quoteQty":"0.00041800","time":1607949939380,"isBuyerMaker":true,"isBestMatch":true},{"id":47790022,"price":"0.00418000","qty":"0.25000000","quoteQty":"0.00104500","time":1607949939483,"isBuyerMaker":true,"isBestMatch":true},{"id":47790023,"price":"0.00418100","qty":"2.85000000","quoteQty":"0.01191585","time":1607949947545,"isBuyerMaker":false,"isBestMatch":true},{"id":47790024,"price":"0.00418100","qty":"9.36000000","quoteQty":"0.03913416","time":1607949949086,"isBuyerMaker":false,"isBestMatch":true},{"id":47790025,"price":"0.00418100","qty":"1.73000000","quoteQty":"0.00723313","time":1607949949210,"isBuyerMaker":false,"isBestMatch":true},{"id":47790026,"price":"0.00418000","qty":"0.18000000","quoteQty":"0.00075240","time":1607949956329,"isBuyerMaker":false,"isBestMatch":true},{"id":47790027,"price":"0.00418000","qty":"18.93000000","quoteQty":"0.07912740","time":1607949958023,"isBuyerMaker":false,"isBestMatch":true},{"id":47790028,"price":"0.00418000","qty":"0.61000000","quoteQty":"0.00254980","time":1607949958033,"isBuyerMaker":false,"isBestMatch":true},{"id":47790029,"price":"0.00418000","qty":"18.00000000","quoteQty":"0.07524000","time":1607949958033,"isBuyerMaker":false,"isBestMatch":true},{"id":47790030,"price":"0.00418100","qty":"0.47000000","quoteQty":"0.00196507","time":1607949958145,"isBuyerMaker":false,"isBestMatch":true},{"id":47790031,"price":"0.00418200","qty":"0.39000000","quoteQty":"0.00163098","time":1607949966510,"isBuyerMaker":true,"isBestMatch":true},{"id":47790032,"price":"0.00418300","qty":"0.73000000","quoteQty":"0.00305359","time":1607949972231,"isBuyerMaker":false,"isBestMatch":true},{"id":47790033,"price":"0.00418300","qty":"0.10000000","quoteQty":"0.00041830","time":1607949984710,"isBuyerMaker":true,"isBestMatch":true},{"id":47790034,"price":"0.00418100","qty":"0.08000000","quoteQty":"0.00033448","time":1607949989944,"isBuyerMaker":true,"isBestMatch":true},{"id":47790035,"price":"0.00418100","qty":"1.13000000","quoteQty":"0.00472453","time":1607949989944,"isBuyerMaker":true,"isBestMatch":true},{"id":47790036,"price":"0.00418100","qty":"1.32000000","quoteQty":"0.00551892","time":1607949990024,"isBuyerMaker":true,"isBestMatch":true},{"id":47790037,"price":"0.00417900","qty":"0.38000000","quoteQty":"0.00158802","time":1607949990024,"isBuyerMaker":true,"isBestMatch":true},{"id":47790038,"price":"0.00418100","qty":"30.00000000","quoteQty":"0.12543000","time":1607949990223,"isBuyerMaker":true,"isBestMatch":true},{"id":47790039,"price":"0.00418200","qty":"0.78000000","quoteQty":"0.00326196","time":1607949990393,"isBuyerMaker":false,"isBestMatch":true},{"id":47790040,"price":"0.00418200","qty":"0.78000000","quoteQty":"0.00326196","time":1607949991271,"isBuyerMaker":false,"isBestMatch":true},{"id":47790041,"price":"0.00418300","qty":"62.37000000","quoteQty":"0.26089371","time":1607949993666,"isBuyerMaker":false,"isBestMatch":true},{"id":47790042,"price":"0.00418300","qty":"0.74000000","quoteQty":"0.00309542","time":1607949993666,"isBuyerMaker":false,"isBestMatch":true},{"id":47790043,"price":"0.00418400","qty":"30.00000000","quoteQty":"0.12552000","time":1607949993722,"isBuyerMaker":false,"isBestMatch":true},{"id":47790044,"price":"0.00418400","qty":"9.08000000","quoteQty":"0.03799072","time":1607949993722,"isBuyerMaker":false,"isBestMatch":true},{"id":47790045,"price":"0.00418500","qty":"0.21000000","quoteQty":"0.00087885","time":1607949995771,"isBuyerMaker":true,"isBestMatch":true},{"id":47790046,"price":"0.00418500","qty":"30.00000000","quoteQty":"0.12555000","time":1607949996025,"isBuyerMaker":true,"isBestMatch":true},{"id":47790047,"price":"0.00418500","qty":"39.64000000","quoteQty":"0.16589340","time":1607949999028,"isBuyerMaker":true,"isBestMatch":true},{"id":47790048,"price":"0.00418400","qty":"13.05000000","quoteQty":"0.05460120","time":1607949999108,"isBuyerMaker":true,"isBestMatch":true},{"id":47790049,"price":"0.00418400","qty":"0.03000000","quoteQty":"0.00012552","time":1607949999140,"isBuyerMaker":true,"isBestMatch":true},{"id":47790050,"price":"0.00418400","qty":"0.73000000","quoteQty":"0.00305432","time":1607949999188,"isBuyerMaker":false,"isBestMatch":true},{"id":47790051,"price":"0.00418500","qty":"2.52000000","quoteQty":"0.01054620","time":1607949999188,"isBuyerMaker":false,"isBestMatch":true},{"id":47790052,"price":"0.00418200","qty":"0.14000000","quoteQty":"0.00058548","time":1607950002558,"isBuyerMaker":true,"isBestMatch":true},{"id":47790053,"price":"0.00418200","qty":"0.03000000","quoteQty":"0.00012546","time":1607950002859,"isBuyerMaker":false,"isBestMatch":true},{"id":47790054,"price":"0.00418200","qty":"0.15000000","quoteQty":"0.00062730","time":1607950004078,"isBuyerMaker":false,"isBestMatch":true},{"id":47790055,"price":"0.00418200","qty":"0.57000000","quoteQty":"0.00238374","time":1607950007151,"isBuyerMaker":false,"isBestMatch":true},{"id":47790056,"price":"0.00418200","qty":"27.57000000","quoteQty":"0.11529774","time":1607950013787,"isBuyerMaker":false,"isBestMatch":true},{"id":47790057,"price":"0.00418200","qty":"30.00000000","quoteQty":"0.12546000","time":1607950014810,"isBuyerMaker":false,"isBestMatch":true},{"id":47790058,"price":"0.00418200","qty":"0.26000000","quoteQty":"0.00108732","time":1607950014825,"isBuyerMaker":true,"isBestMatch":true},{"id":47790059,"price":"0.00418400","qty":"10.91000000","quoteQty":"0.04564744","time":1607950016021,"isBuyerMaker":false,"isBestMatch":true},{"id":47790060,"price":"0.00418200","qty":"0.66000000","quoteQty":"0.00276012","time":1607950019773,"isBuyerMaker":true,"isBestMatch":true},{"id":47790061,"price":"0.00418200","qty":"6.26000000","quoteQty":"0.02617932","time":1607950019773,"isBuyerMaker":true,"isBestMatch":true},{"id":47790062,"price":"0.00418400","qty":"0.86000000","quoteQty":"0.00359824","time":1607950030034,"isBuyerMaker":false,"isBestMatch":true},{"id":47790063,"price":"0.00418200","qty":"30.00000000","quoteQty":"0.12546000","time":1607950041545,"isBuyerMaker":true,"isBestMatch":true},{"id":47790064,"price":"0.00418200","qty":"2.22000000","quoteQty":"0.00928404","time":1607950041545,"isBuyerMaker":true,"isBestMatch":true},{"id":47790065,"price":"0.00418100","qty":"7.47000000","quoteQty":"0.03123207","time":1607950042411,"isBuyerMaker":true,"isBestMatch":true},{"id":47790066,"price":"0.00418100","qty":"22.53000000","quoteQty":"0.09419793","time":1607950042412,"isBuyerMaker":true,"isBestMatch":true},{"id":47790067,"price":"0.00418100","qty":"0.64000000","quoteQty":"0.00267584","time":1607950042412,"isBuyerMaker":true,"isBestMatch":true},{"id":47790068,"price":"0.00418000","qty":"19.10000000","quoteQty":"0.07983800","time":1607950042416,"isBuyerMaker":true,"isBestMatch":true},{"id":47790069,"price":"0.00417900","qty":"5.90000000","quoteQty":"0.02465610","time":1607950042416,"isBuyerMaker":true,"isBestMatch":true},{"id":47790070,"price":"0.00417900","qty":"3.13000000","quoteQty":"0.01308027","time":1607950042430,"isBuyerMaker":true,"isBestMatch":true},{"id":47790071,"price":"0.00418000","qty":"19.05000000","quoteQty":"0.07962900","time":1607950048273,"isBuyerMaker":true,"isBestMatch":true},{"id":47790072,"price":"0.00418000","qty":"0.10000000","quoteQty":"0.00041800","time":1607950053654,"isBuyerMaker":true,"isBestMatch":true},{"id":47790073,"price":"0.00418100","qty":"1.18000000","quoteQty":"0.00493358","time":1607950054117,"isBuyerMaker":true,"isBestMatch":true},{"id":47790074,"price":"0.00418100","qty":"1.36000000","quoteQty":"0.00568616","time":1607950054290,"isBuyerMaker":true,"isBestMatch":true},{"id":47790075,"price":"0.00418100","qty":"6.10000000","quoteQty":"0.02550410","time":1607950055984,"isBuyerMaker":true,"isBestMatch":true},{"id":47790076,"price":"0.00418300","qty":"9.06000000","quoteQty":"0.03789798","time":1607950059241,"isBuyerMaker":false,"isBestMatch":true},{"id":47790077,"price":"0.00418300","qty":"9.06000000","quoteQty":"0.03789798","time":1607950059263,"isBuyerMaker":false,"isBestMatch":true},{"id":47790078,"price":"0.00418400","qty":"2.61000000","quoteQty":"0.01092024","time":1607950063702,"isBuyerMaker":false,"isBestMatch":true},{"id":47790079,"price":"0.00418400","qty":"0.95000000","quoteQty":"0.00397480","time":1607950063795,"isBuyerMaker":false,"isBestMatch":true},{"id":47790080,"price":"0.00418400","qty":"0.95000000","quoteQty":"0.00397480","time":1607950063824,"isBuyerMaker":false,"isBestMatch":true},{"id":47790081,"price":"0.00418400","qty":"1.10000000","quoteQty":"0.00460240","time":1607950063895,"isBuyerMaker":false,"isBestMatch":true},{"id":47790082,"price":"0.00418400","qty":"1.26000000","quoteQty":"0.00527184","time":1607950064979,"isBuyerMaker":false,"isBestMatch":true},{"id":47790083,"price":"0.00418300","qty":"30.00000000","quoteQty":"0.12549000","time":1607950078194,"isBuyerMaker":true,"isBestMatch":true},{"id":47790084,"price":"0.00418300","qty":"35.01000000","quoteQty":"0.14644683","time":1607950078194,"isBuyerMaker":true,"isBestMatch":true},{"id":47790085,"price":"0.00418300","qty":"1.17000000","quoteQty":"0.00489411","time":1607950079423,"isBuyerMaker":true,"isBestMatch":true},{"id":47790086,"price":"0.00418400","qty":"0.46000000","quoteQty":"0.00192464","time":1607950090092,"isBuyerMaker":false,"isBestMatch":true},{"id":47790087,"price":"0.00418300","qty":"8.82000000","quoteQty":"0.03689406","time":1607950096762,"isBuyerMaker":true,"isBestMatch":true},{"id":47790088,"price":"0.00418300","qty":"0.12000000","quoteQty":"0.00050196","time":1607950100035,"isBuyerMaker":true,"isBestMatch":true},{"id":47790089,"price":"0.00418200","qty":"0.09000000","quoteQty":"0.00037638","time":1607950107053,"isBuyerMaker":true,"isBestMatch":true},{"id":47790090,"price":"0.00418200","qty":"1.43000000","quoteQty":"0.00598026","time":1607950118816,"isBuyerMaker":true,"isBestMatch":true},{"id":47790091,"price":"0.00418200","qty":"2.86000000","quoteQty":"0.01196052","time":1607950118973,"isBuyerMaker":true,"isBestMatch":true},{"id":47790092,"price":"0.00418200","qty":"7.98000000","quoteQty":"0.03337236","time":1607950119291,"isBuyerMaker":true,"isBestMatch":true},{"id":47790093,"price":"0.00418200","qty":"1.04000000","quoteQty":"0.00434928","time":1607950119339,"isBuyerMaker":true,"isBestMatch":true},{"id":47790094,"price":"0.00418200","qty":"1.02000000","quoteQty":"0.00426564","time":1607950119413,"isBuyerMaker":true,"isBestMatch":true},{"id":47790095,"price":"0.00418200","qty":"1.00000000","quoteQty":"0.00418200","time":1607950119513,"isBuyerMaker":true,"isBestMatch":true},{"id":47790096,"price":"0.00418200","qty":"1.19000000","quoteQty":"0.00497658","time":1607950119552,"isBuyerMaker":true,"isBestMatch":true},{"id":47790097,"price":"0.00418200","qty":"0.96000000","quoteQty":"0.00401472","time":1607950119581,"isBuyerMaker":true,"isBestMatch":true},{"id":47790098,"price":"0.00418200","qty":"0.94000000","quoteQty":"0.00393108","time":1607950119616,"isBuyerMaker":true,"isBestMatch":true},{"id":47790099,"price":"0.00418200","qty":"0.92000000","quoteQty":"0.00384744","time":1607950119644,"isBuyerMaker":true,"isBestMatch":true},{"id":47790100,"price":"0.00418200","qty":"0.86000000","quoteQty":"0.00359652","time":1607950119676,"isBuyerMaker":true,"isBestMatch":true},{"id":47790101,"price":"0.00418200","qty":"0.85000000","quoteQty":"0.00355470","time":1607950119697,"isBuyerMaker":true,"isBestMatch":true},{"id":47790102,"price":"0.00418300","qty":"6.02000000","quoteQty":"0.02518166","time":1607950134741,"isBuyerMaker":false,"isBestMatch":true},{"id":47790103,"price":"0.00418300","qty":"21.77000000","quoteQty":"0.09106391","time":1607950134772,"isBuyerMaker":false,"isBestMatch":true},{"id":47790104,"price":"0.00418300","qty":"2.21000000","quoteQty":"0.00924443","time":1607950134797,"isBuyerMaker":false,"isBestMatch":true},{"id":47790105,"price":"0.00418400","qty":"8.76000000","quoteQty":"0.03665184","time":1607950140170,"isBuyerMaker":false,"isBestMatch":true},{"id":47790106,"price":"0.00418400","qty":"11.33000000","quoteQty":"0.04740472","time":1607950140255,"isBuyerMaker":false,"isBestMatch":true},{"id":47790107,"price":"0.00418200","qty":"0.06000000","quoteQty":"0.00025092","time":1607950161796,"isBuyerMaker":true,"isBestMatch":true},{"id":47790108,"price":"0.00418200","qty":"0.98000000","quoteQty":"0.00409836","time":1607950161796,"isBuyerMaker":true,"isBestMatch":true},{"id":47790109,"price":"0.00418100","qty":"25.00000000","quoteQty":"0.10452500","time":1607950163967,"isBuyerMaker":true,"isBestMatch":true},{"id":47790110,"price":"0.00418100","qty":"11.15000000","quoteQty":"0.04661815","time":1607950165265,"isBuyerMaker":true,"isBestMatch":true},{"id":47790111,"price":"0.00418000","qty":"1.43000000","quoteQty":"0.00597740","time":1607950170379,"isBuyerMaker":true,"isBestMatch":true},{"id":47790112,"price":"0.00418000","qty":"0.09000000","quoteQty":"0.00037620","time":1607950176561,"isBuyerMaker":true,"isBestMatch":true},{"id":47790113,"price":"0.00418000","qty":"6.10000000","quoteQty":"0.02549800","time":1607950177461,"isBuyerMaker":true,"isBestMatch":true},{"id":47790114,"price":"0.00418000","qty":"0.16000000","quoteQty":"0.00066880","time":1607950177910,"isBuyerMaker":true,"isBestMatch":true},{"id":47790115,"price":"0.00418000","qty":"1.17000000","quoteQty":"0.00489060","time":1607950190167,"isBuyerMaker":true,"isBestMatch":true},{"id":47790116,"price":"0.00418000","qty":"1.15000000","quoteQty":"0.00480700","time":1607950191362,"isBuyerMaker":true,"isBestMatch":true},{"id":47790117,"price":"0.00418000","qty":"1.08000000","quoteQty":"0.00451440","time":1607950191390,"isBuyerMaker":true,"isBestMatch":true},{"id":47790118,"price":"0.00418000","qty":"1.10000000","quoteQty":"0.00459800","time":1607950191433,"isBuyerMaker":true,"isBestMatch":true},{"id":47790119,"price":"0.00418000","qty":"1.08000000","quoteQty":"0.00451440","time":1607950191584,"isBuyerMaker":true,"isBestMatch":true},{"id":47790120,"price":"0.00418000","qty":"1.06000000","quoteQty":"0.00443080","time":1607950191607,"isBuyerMaker":true,"isBestMatch":true},{"id":47790121,"price":"0.00418000","qty":"0.99000000","quoteQty":"0.00413820","time":1607950191639,"isBuyerMaker":true,"isBestMatch":true},{"id":47790122,"price":"0.00418000","qty":"1.02000000","quoteQty":"0.00426360","time":1607950191674,"isBuyerMaker":true,"isBestMatch":true},{"id":47790123,"price":"0.00418100","qty":"2.87000000","quoteQty":"0.01199947","time":1607950195385,"isBuyerMaker":false,"isBestMatch":true},{"id":47790124,"price":"0.00418100","qty":"2.87000000","quoteQty":"0.01199947","time":1607950195444,"isBuyerMaker":false,"isBestMatch":true},{"id":47790125,"price":"0.00418200","qty":"8.13000000","quoteQty":"0.03399966","time":1607950195473,"isBuyerMaker":false,"isBestMatch":true},{"id":47790126,"price":"0.00418000","qty":"4.30000000","quoteQty":"0.01797400","time":1607950195519,"isBuyerMaker":true,"isBestMatch":true},{"id":47790127,"price":"0.00418200","qty":"8.56000000","quoteQty":"0.03579792","time":1607950200107,"isBuyerMaker":true,"isBestMatch":true},{"id":47790128,"price":"0.00418100","qty":"18.00000000","quoteQty":"0.07525800","time":1607950200107,"isBuyerMaker":true,"isBestMatch":true},{"id":47790129,"price":"0.00418100","qty":"81.13000000","quoteQty":"0.33920453","time":1607950200107,"isBuyerMaker":true,"isBestMatch":true},{"id":47790130,"price":"0.00418200","qty":"30.00000000","quoteQty":"0.12546000","time":1607950205286,"isBuyerMaker":false,"isBestMatch":true},{"id":47790131,"price":"0.00418300","qty":"25.00000000","quoteQty":"0.10457500","time":1607950205402,"isBuyerMaker":false,"isBestMatch":true},{"id":47790132,"price":"0.00418300","qty":"1.43000000","quoteQty":"0.00598169","time":1607950206014,"isBuyerMaker":false,"isBestMatch":true},{"id":47790133,"price":"0.00418300","qty":"1.43000000","quoteQty":"0.00598169","time":1607950206026,"isBuyerMaker":false,"isBestMatch":true},{"id":47790134,"price":"0.00418300","qty":"0.51000000","quoteQty":"0.00213333","time":1607950206564,"isBuyerMaker":false,"isBestMatch":true},{"id":47790135,"price":"0.00418300","qty":"1.37000000","quoteQty":"0.00573071","time":1607950210276,"isBuyerMaker":false,"isBestMatch":true},{"id":47790136,"price":"0.00418300","qty":"0.05000000","quoteQty":"0.00020915","time":1607950214697,"isBuyerMaker":false,"isBestMatch":true},{"id":47790137,"price":"0.00418200","qty":"25.00000000","quoteQty":"0.10455000","time":1607950218976,"isBuyerMaker":true,"isBestMatch":true},{"id":47790138,"price":"0.00418100","qty":"1.16000000","quoteQty":"0.00484996","time":1607950218976,"isBuyerMaker":true,"isBestMatch":true},{"id":47790139,"price":"0.00418100","qty":"22.66000000","quoteQty":"0.09474146","time":1607950218996,"isBuyerMaker":true,"isBestMatch":true},{"id":47790140,"price":"0.00418000","qty":"0.09000000","quoteQty":"0.00037620","time":1607950232877,"isBuyerMaker":true,"isBestMatch":true},{"id":47790141,"price":"0.00418100","qty":"0.51000000","quoteQty":"0.00213231","time":1607950234163,"isBuyerMaker":false,"isBestMatch":true},{"id":47790142,"price":"0.00418100","qty":"0.26000000","quoteQty":"0.00108706","time":1607950243655,"isBuyerMaker":false,"isBestMatch":true},{"id":47790143,"price":"0.00418100","qty":"0.12000000","quoteQty":"0.00050172","time":1607950246460,"isBuyerMaker":false,"isBestMatch":true},{"id":47790144,"price":"0.00418000","qty":"0.04000000","quoteQty":"0.00016720","time":1607950249735,"isBuyerMaker":true,"isBestMatch":true},{"id":47790145,"price":"0.00418000","qty":"0.03000000","quoteQty":"0.00012540","time":1607950254750,"isBuyerMaker":true,"isBestMatch":true},{"id":47790146,"price":"0.00418000","qty":"0.90000000","quoteQty":"0.00376200","time":1607950258165,"isBuyerMaker":true,"isBestMatch":true},{"id":47790147,"price":"0.00417900","qty":"0.40000000","quoteQty":"0.00167160","time":1607950258165,"isBuyerMaker":true,"isBestMatch":true},{"id":47790148,"price":"0.00417900","qty":"2.75000000","quoteQty":"0.01149225","time":1607950258165,"isBuyerMaker":true,"isBestMatch":true},{"id":47790149,"price":"0.00417900","qty":"0.90000000","quoteQty":"0.00376110","time":1607950258183,"isBuyerMaker":true,"isBestMatch":true},{"id":47790150,"price":"0.00417900","qty":"1.97000000","quoteQty":"0.00823263","time":1607950258268,"isBuyerMaker":true,"isBestMatch":true},{"id":47790151,"price":"0.00417900","qty":"24.28000000","quoteQty":"0.10146612","time":1607950258578,"isBuyerMaker":true,"isBestMatch":true},{"id":47790152,"price":"0.00417900","qty":"1.37000000","quoteQty":"0.00572523","time":1607950258610,"isBuyerMaker":true,"isBestMatch":true},{"id":47790153,"price":"0.00417900","qty":"2.39000000","quoteQty":"0.00998781","time":1607950258728,"isBuyerMaker":true,"isBestMatch":true},{"id":47790154,"price":"0.00417900","qty":"1.94000000","quoteQty":"0.00810726","time":1607950258823,"isBuyerMaker":true,"isBestMatch":true},{"id":47790155,"price":"0.00418000","qty":"0.13000000","quoteQty":"0.00054340","time":1607950260621,"isBuyerMaker":false,"isBestMatch":true},{"id":47790156,"price":"0.00417900","qty":"0.07000000","quoteQty":"0.00029253","time":1607950262709,"isBuyerMaker":false,"isBestMatch":true},{"id":47790157,"price":"0.00417800","qty":"4.81000000","quoteQty":"0.02009618","time":1607950268951,"isBuyerMaker":true,"isBestMatch":true},{"id":47790158,"price":"0.00417800","qty":"0.87000000","quoteQty":"0.00363486","time":1607950270383,"isBuyerMaker":true,"isBestMatch":true},{"id":47790159,"price":"0.00417800","qty":"0.55000000","quoteQty":"0.00229790","time":1607950270406,"isBuyerMaker":true,"isBestMatch":true},{"id":47790160,"price":"0.00417800","qty":"0.45000000","quoteQty":"0.00188010","time":1607950270432,"isBuyerMaker":true,"isBestMatch":true},{"id":47790161,"price":"0.00417900","qty":"0.05000000","quoteQty":"0.00020895","time":1607950274642,"isBuyerMaker":false,"isBestMatch":true},{"id":47790162,"price":"0.00417800","qty":"13.86000000","quoteQty":"0.05790708","time":1607950278292,"isBuyerMaker":true,"isBestMatch":true},{"id":47790163,"price":"0.00417700","qty":"0.80000000","quoteQty":"0.00334160","time":1607950280004,"isBuyerMaker":true,"isBestMatch":true},{"id":47790164,"price":"0.00417800","qty":"5.43000000","quoteQty":"0.02268654","time":1607950281504,"isBuyerMaker":false,"isBestMatch":true},{"id":47790165,"price":"0.00417700","qty":"1.37000000","quoteQty":"0.00572249","time":1607950282245,"isBuyerMaker":true,"isBestMatch":true},{"id":47790166,"price":"0.00417700","qty":"21.94000000","quoteQty":"0.09164338","time":1607950282329,"isBuyerMaker":true,"isBestMatch":true},{"id":47790167,"price":"0.00417700","qty":"6.69000000","quoteQty":"0.02794413","time":1607950282366,"isBuyerMaker":true,"isBestMatch":true},{"id":47790168,"price":"0.00417600","qty":"0.38000000","quoteQty":"0.00158688","time":1607950285507,"isBuyerMaker":true,"isBestMatch":true},{"id":47790169,"price":"0.00417600","qty":"24.17000000","quoteQty":"0.10093392","time":1607950285507,"isBuyerMaker":true,"isBestMatch":true},{"id":47790170,"price":"0.00417600","qty":"5.83000000","quoteQty":"0.02434608","time":1607950285621,"isBuyerMaker":true,"isBestMatch":true},{"id":47790171,"price":"0.00417500","qty":"1.10000000","quoteQty":"0.00459250","time":1607950285662,"isBuyerMaker":true,"isBestMatch":true},{"id":47790172,"price":"0.00417500","qty":"4.73000000","quoteQty":"0.01974775","time":1607950285662,"isBuyerMaker":true,"isBestMatch":true},{"id":47790173,"price":"0.00417600","qty":"0.15000000","quoteQty":"0.00062640","time":1607950292725,"isBuyerMaker":false,"isBestMatch":true},{"id":47790174,"price":"0.00417500","qty":"0.10000000","quoteQty":"0.00041750","time":1607950296491,"isBuyerMaker":true,"isBestMatch":true},{"id":47790175,"price":"0.00417400","qty":"0.03000000","quoteQty":"0.00012522","time":1607950296971,"isBuyerMaker":true,"isBestMatch":true},{"id":47790176,"price":"0.00417400","qty":"1.04000000","quoteQty":"0.00434096","time":1607950296971,"isBuyerMaker":true,"isBestMatch":true},{"id":47790177,"price":"0.00417400","qty":"2.14000000","quoteQty":"0.00893236","time":1607950298840,"isBuyerMaker":true,"isBestMatch":true},{"id":47790178,"price":"0.00417300","qty":"0.06000000","quoteQty":"0.00025038","time":1607950299180,"isBuyerMaker":true,"isBestMatch":true},{"id":47790179,"price":"0.00417300","qty":"6.04000000","quoteQty":"0.02520492","time":1607950299180,"isBuyerMaker":true,"isBestMatch":true},{"id":47790180,"price":"0.00417300","qty":"7.49000000","quoteQty":"0.03125577","time":1607950299315,"isBuyerMaker":true,"isBestMatch":true},{"id":47790181,"price":"0.00417300","qty":"15.85000000","quoteQty":"0.06614205","time":1607950299508,"isBuyerMaker":true,"isBestMatch":true},{"id":47790182,"price":"0.00417300","qty":"0.62000000","quoteQty":"0.00258726","time":1607950299588,"isBuyerMaker":true,"isBestMatch":true},{"id":47790183,"price":"0.00417300","qty":"5.00000000","quoteQty":"0.02086500","time":1607950299784,"isBuyerMaker":false,"isBestMatch":true},{"id":47790184,"price":"0.00417400","qty":"0.55000000","quoteQty":"0.00229570","time":1607950299961,"isBuyerMaker":true,"isBestMatch":true},{"id":47790185,"price":"0.00417400","qty":"0.41000000","quoteQty":"0.00171134","time":1607950300049,"isBuyerMaker":true,"isBestMatch":true},{"id":47790186,"price":"0.00417500","qty":"4.06000000","quoteQty":"0.01695050","time":1607950303703,"isBuyerMaker":true,"isBestMatch":true},{"id":47790187,"price":"0.00417500","qty":"0.92000000","quoteQty":"0.00384100","time":1607950307585,"isBuyerMaker":false,"isBestMatch":true},{"id":47790188,"price":"0.00417500","qty":"9.46000000","quoteQty":"0.03949550","time":1607950310234,"isBuyerMaker":false,"isBestMatch":true},{"id":47790189,"price":"0.00417600","qty":"30.00000000","quoteQty":"0.12528000","time":1607950310355,"isBuyerMaker":false,"isBestMatch":true},{"id":47790190,"price":"0.00417700","qty":"0.04000000","quoteQty":"0.00016708","time":1607950313499,"isBuyerMaker":false,"isBestMatch":true},{"id":47790191,"price":"0.00417600","qty":"0.25000000","quoteQty":"0.00104400","time":1607950322112,"isBuyerMaker":false,"isBestMatch":true},{"id":47790192,"price":"0.00417400","qty":"0.22000000","quoteQty":"0.00091828","time":1607950322835,"isBuyerMaker":true,"isBestMatch":true},{"id":47790193,"price":"0.00417600","qty":"0.03000000","quoteQty":"0.00012528","time":1607950329480,"isBuyerMaker":false,"isBestMatch":true},{"id":47790194,"price":"0.00417600","qty":"2.87000000","quoteQty":"0.01198512","time":1607950334534,"isBuyerMaker":false,"isBestMatch":true},{"id":47790195,"price":"0.00417600","qty":"5.95000000","quoteQty":"0.02484720","time":1607950334543,"isBuyerMaker":false,"isBestMatch":true},{"id":47790196,"price":"0.00417600","qty":"30.00000000","quoteQty":"0.12528000","time":1607950334543,"isBuyerMaker":false,"isBestMatch":true},{"id":47790197,"price":"0.00417700","qty":"0.39000000","quoteQty":"0.00162903","time":1607950336601,"isBuyerMaker":false,"isBestMatch":true},{"id":47790198,"price":"0.00417600","qty":"0.10000000","quoteQty":"0.00041760","time":1607950349660,"isBuyerMaker":true,"isBestMatch":true},{"id":47790199,"price":"0.00417900","qty":"0.17000000","quoteQty":"0.00071043","time":1607950354791,"isBuyerMaker":false,"isBestMatch":true},{"id":47790200,"price":"0.00417900","qty":"0.56000000","quoteQty":"0.00234024","time":1607950356729,"isBuyerMaker":false,"isBestMatch":true},{"id":47790201,"price":"0.00418000","qty":"0.51000000","quoteQty":"0.00213180","time":1607950357094,"isBuyerMaker":false,"isBestMatch":true},{"id":47790202,"price":"0.00418000","qty":"0.51000000","quoteQty":"0.00213180","time":1607950357410,"isBuyerMaker":false,"isBestMatch":true},{"id":47790203,"price":"0.00418000","qty":"28.98000000","quoteQty":"0.12113640","time":1607950374553,"isBuyerMaker":false,"isBestMatch":true},{"id":47790204,"price":"0.00418100","qty":"0.66000000","quoteQty":"0.00275946","time":1607950374553,"isBuyerMaker":false,"isBestMatch":true},{"id":47790205,"price":"0.00418100","qty":"14.10000000","quoteQty":"0.05895210","time":1607950374553,"isBuyerMaker":false,"isBestMatch":true},{"id":47790206,"price":"0.00418000","qty":"1.67000000","quoteQty":"0.00698060","time":1607950378328,"isBuyerMaker":true,"isBestMatch":true},{"id":47790207,"price":"0.00417900","qty":"1.29000000","quoteQty":"0.00539091","time":1607950384772,"isBuyerMaker":true,"isBestMatch":true},{"id":47790208,"price":"0.00417900","qty":"0.03000000","quoteQty":"0.00012537","time":1607950391268,"isBuyerMaker":true,"isBestMatch":true},{"id":47790209,"price":"0.00417900","qty":"21.63000000","quoteQty":"0.09039177","time":1607950392053,"isBuyerMaker":false,"isBestMatch":true},{"id":47790210,"price":"0.00417900","qty":"22.19000000","quoteQty":"0.09273201","time":1607950392079,"isBuyerMaker":false,"isBestMatch":true},{"id":47790211,"price":"0.00417900","qty":"7.81000000","quoteQty":"0.03263799","time":1607950392102,"isBuyerMaker":false,"isBestMatch":true},{"id":47790212,"price":"0.00417900","qty":"1.49000000","quoteQty":"0.00622671","time":1607950393559,"isBuyerMaker":true,"isBestMatch":true},{"id":47790213,"price":"0.00417700","qty":"1.13000000","quoteQty":"0.00472001","time":1607950404592,"isBuyerMaker":true,"isBestMatch":true},{"id":47790214,"price":"0.00417700","qty":"1.43000000","quoteQty":"0.00597311","time":1607950404644,"isBuyerMaker":true,"isBestMatch":true},{"id":47790215,"price":"0.00417700","qty":"1.24000000","quoteQty":"0.00517948","time":1607950405691,"isBuyerMaker":true,"isBestMatch":true},{"id":47790216,"price":"0.00417700","qty":"1.26000000","quoteQty":"0.00526302","time":1607950407215,"isBuyerMaker":true,"isBestMatch":true},{"id":47790217,"price":"0.00417700","qty":"24.94000000","quoteQty":"0.10417438","time":1607950407239,"isBuyerMaker":true,"isBestMatch":true},{"id":47790218,"price":"0.00417700","qty":"0.09000000","quoteQty":"0.00037593","time":1607950410378,"isBuyerMaker":true,"isBestMatch":true},{"id":47790219,"price":"0.00417500","qty":"0.10000000","quoteQty":"0.00041750","time":1607950415153,"isBuyerMaker":true,"isBestMatch":true},{"id":47790220,"price":"0.00417500","qty":"2.99000000","quoteQty":"0.01248325","time":1607950419301,"isBuyerMaker":true,"isBestMatch":true},{"id":47790221,"price":"0.00417400","qty":"0.19000000","quoteQty":"0.00079306","time":1607950425455,"isBuyerMaker":true,"isBestMatch":true},{"id":47790222,"price":"0.00417300","qty":"6.10000000","quoteQty":"0.02545530","time":1607950431490,"isBuyerMaker":true,"isBestMatch":true},{"id":47790223,"price":"0.00417400","qty":"0.05000000","quoteQty":"0.00020870","time":1607950436129,"isBuyerMaker":true,"isBestMatch":true},{"id":47790224,"price":"0.00417600","qty":"4.61000000","quoteQty":"0.01925136","time":1607950450524,"isBuyerMaker":false,"isBestMatch":true},{"id":47790225,"price":"0.00417600","qty":"4.61000000","quoteQty":"0.01925136","time":1607950453542,"isBuyerMaker":false,"isBestMatch":true},{"id":47790226,"price":"0.00417700","qty":"4.61000000","quoteQty":"0.01925597","time":1607950458806,"isBuyerMaker":false,"isBestMatch":true},{"id":47790227,"price":"0.00417700","qty":"9.78000000","quoteQty":"0.04085106","time":1607950458825,"isBuyerMaker":false,"isBestMatch":true},{"id":47790228,"price":"0.00417800","qty":"1.11000000","quoteQty":"0.00463758","time":1607950461686,"isBuyerMaker":false,"isBestMatch":true},{"id":47790229,"price":"0.00417800","qty":"0.04000000","quoteQty":"0.00016712","time":1607950472954,"isBuyerMaker":true,"isBestMatch":true},{"id":47790230,"price":"0.00417800","qty":"0.06000000","quoteQty":"0.00025068","time":1607950472954,"isBuyerMaker":true,"isBestMatch":true},{"id":47790231,"price":"0.00417800","qty":"11.97000000","quoteQty":"0.05001066","time":1607950477946,"isBuyerMaker":false,"isBestMatch":true},{"id":47790232,"price":"0.00417800","qty":"18.03000000","quoteQty":"0.07532934","time":1607950477973,"isBuyerMaker":false,"isBestMatch":true},{"id":47790233,"price":"0.00417800","qty":"4.61000000","quoteQty":"0.01926058","time":1607950483297,"isBuyerMaker":true,"isBestMatch":true},{"id":47790234,"price":"0.00417800","qty":"25.39000000","quoteQty":"0.10607942","time":1607950483301,"isBuyerMaker":true,"isBestMatch":true},{"id":47790235,"price":"0.00417800","qty":"22.38000000","quoteQty":"0.09350364","time":1607950483307,"isBuyerMaker":false,"isBestMatch":true},{"id":47790236,"price":"0.00417800","qty":"2.79000000","quoteQty":"0.01165662","time":1607950485525,"isBuyerMaker":false,"isBestMatch":true},{"id":47790237,"price":"0.00417700","qty":"24.99000000","quoteQty":"0.10438323","time":1607950494124,"isBuyerMaker":true,"isBestMatch":true},{"id":47790238,"price":"0.00417700","qty":"5.01000000","quoteQty":"0.02092677","time":1607950494169,"isBuyerMaker":true,"isBestMatch":true},{"id":47790239,"price":"0.00417600","qty":"5.01000000","quoteQty":"0.02092176","time":1607950494170,"isBuyerMaker":true,"isBestMatch":true},{"id":47790240,"price":"0.00417600","qty":"2.46000000","quoteQty":"0.01027296","time":1607950497950,"isBuyerMaker":true,"isBestMatch":true},{"id":47790241,"price":"0.00417600","qty":"1.00000000","quoteQty":"0.00417600","time":1607950498055,"isBuyerMaker":true,"isBestMatch":true},{"id":47790242,"price":"0.00417600","qty":"1.13000000","quoteQty":"0.00471888","time":1607950498776,"isBuyerMaker":true,"isBestMatch":true},{"id":47790243,"price":"0.00417600","qty":"1.05000000","quoteQty":"0.00438480","time":1607950498887,"isBuyerMaker":true,"isBestMatch":true},{"id":47790244,"price":"0.00417600","qty":"3.06000000","quoteQty":"0.01277856","time":1607950500344,"isBuyerMaker":true,"isBestMatch":true},{"id":47790245,"price":"0.00417600","qty":"8.79000000","quoteQty":"0.03670704","time":1607950500383,"isBuyerMaker":true,"isBestMatch":true},{"id":47790246,"price":"0.00417600","qty":"1.46000000","quoteQty":"0.00609696","time":1607950513777,"isBuyerMaker":true,"isBestMatch":true},{"id":47790247,"price":"0.00417600","qty":"1.63000000","quoteQty":"0.00680688","time":1607950514148,"isBuyerMaker":true,"isBestMatch":true},{"id":47790248,"price":"0.00417500","qty":"1.31000000","quoteQty":"0.00546925","time":1607950515679,"isBuyerMaker":true,"isBestMatch":true},{"id":47790249,"price":"0.00417400","qty":"0.10000000","quoteQty":"0.00041740","time":1607950530464,"isBuyerMaker":true,"isBestMatch":true},{"id":47790250,"price":"0.00417500","qty":"0.41000000","quoteQty":"0.00171175","time":1607950540739,"isBuyerMaker":false,"isBestMatch":true},{"id":47790251,"price":"0.00417700","qty":"9.66000000","quoteQty":"0.04034982","time":1607950545729,"isBuyerMaker":false,"isBestMatch":true},{"id":47790252,"price":"0.00417800","qty":"1.36000000","quoteQty":"0.00568208","time":1607950545942,"isBuyerMaker":false,"isBestMatch":true},{"id":47790253,"price":"0.00417800","qty":"1.32000000","quoteQty":"0.00551496","time":1607950545978,"isBuyerMaker":false,"isBestMatch":true},{"id":47790254,"price":"0.00417800","qty":"5.36000000","quoteQty":"0.02239408","time":1607950546057,"isBuyerMaker":false,"isBestMatch":true},{"id":47790255,"price":"0.00417800","qty":"1.14000000","quoteQty":"0.00476292","time":1607950546129,"isBuyerMaker":false,"isBestMatch":true},{"id":47790256,"price":"0.00417800","qty":"0.29000000","quoteQty":"0.00121162","time":1607950547034,"isBuyerMaker":false,"isBestMatch":true},{"id":47790257,"price":"0.00417800","qty":"0.22000000","quoteQty":"0.00091916","time":1607950547052,"isBuyerMaker":false,"isBestMatch":true},{"id":47790258,"price":"0.00417700","qty":"0.44000000","quoteQty":"0.00183788","time":1607950549251,"isBuyerMaker":true,"isBestMatch":true},{"id":47790259,"price":"0.00417700","qty":"0.03000000","quoteQty":"0.00012531","time":1607950549484,"isBuyerMaker":true,"isBestMatch":true},{"id":47790260,"price":"0.00417600","qty":"10.10000000","quoteQty":"0.04217760","time":1607950549484,"isBuyerMaker":true,"isBestMatch":true},{"id":47790261,"price":"0.00417600","qty":"6.10000000","quoteQty":"0.02547360","time":1607950553636,"isBuyerMaker":true,"isBestMatch":true},{"id":47790262,"price":"0.00417700","qty":"0.08000000","quoteQty":"0.00033416","time":1607950591609,"isBuyerMaker":true,"isBestMatch":true},{"id":47790263,"price":"0.00417500","qty":"0.02000000","quoteQty":"0.00008350","time":1607950591609,"isBuyerMaker":true,"isBestMatch":true},{"id":47790264,"price":"0.00417800","qty":"0.13000000","quoteQty":"0.00054314","time":1607950631040,"isBuyerMaker":false,"isBestMatch":true},{"id":47790265,"price":"0.00417800","qty":"30.00000000","quoteQty":"0.12534000","time":1607950631040,"isBuyerMaker":false,"isBestMatch":true},{"id":47790266,"price":"0.00417900","qty":"3.30000000","quoteQty":"0.01379070","time":1607950634961,"isBuyerMaker":true,"isBestMatch":true},{"id":47790267,"price":"0.00418000","qty":"0.76000000","quoteQty":"0.00317680","time":1607950636390,"isBuyerMaker":false,"isBestMatch":true},{"id":47790268,"price":"0.00418000","qty":"0.72000000","quoteQty":"0.00300960","time":1607950636520,"isBuyerMaker":false,"isBestMatch":true},{"id":47790269,"price":"0.00417900","qty":"0.03000000","quoteQty":"0.00012537","time":1607950641488,"isBuyerMaker":false,"isBestMatch":true},{"id":47790270,"price":"0.00417900","qty":"2.59000000","quoteQty":"0.01082361","time":1607950641996,"isBuyerMaker":false,"isBestMatch":true},{"id":47790271,"price":"0.00417900","qty":"1.15000000","quoteQty":"0.00480585","time":1607950642036,"isBuyerMaker":false,"isBestMatch":true},{"id":47790272,"price":"0.00417900","qty":"0.10000000","quoteQty":"0.00041790","time":1607950644712,"isBuyerMaker":true,"isBestMatch":true},{"id":47790273,"price":"0.00417900","qty":"25.72000000","quoteQty":"0.10748388","time":1607950649840,"isBuyerMaker":true,"isBestMatch":true},{"id":47790274,"price":"0.00417900","qty":"4.18000000","quoteQty":"0.01746822","time":1607950649862,"isBuyerMaker":true,"isBestMatch":true},{"id":47790275,"price":"0.00417800","qty":"15.00000000","quoteQty":"0.06267000","time":1607950650587,"isBuyerMaker":false,"isBestMatch":true},{"id":47790276,"price":"0.00417700","qty":"0.03000000","quoteQty":"0.00012531","time":1607950651067,"isBuyerMaker":true,"isBestMatch":true},{"id":47790277,"price":"0.00417800","qty":"1.00000000","quoteQty":"0.00417800","time":1607950667453,"isBuyerMaker":true,"isBestMatch":true},{"id":47790278,"price":"0.00417800","qty":"0.17000000","quoteQty":"0.00071026","time":1607950667493,"isBuyerMaker":true,"isBestMatch":true},{"id":47790279,"price":"0.00417900","qty":"6.10000000","quoteQty":"0.02549190","time":1607950674942,"isBuyerMaker":true,"isBestMatch":true},{"id":47790280,"price":"0.00417900","qty":"0.35000000","quoteQty":"0.00146265","time":1607950676162,"isBuyerMaker":true,"isBestMatch":true},{"id":47790281,"price":"0.00417800","qty":"0.10000000","quoteQty":"0.00041780","time":1607950681623,"isBuyerMaker":true,"isBestMatch":true},{"id":47790282,"price":"0.00418000","qty":"7.73000000","quoteQty":"0.03231140","time":1607950689722,"isBuyerMaker":false,"isBestMatch":true},{"id":47790283,"price":"0.00418000","qty":"0.51000000","quoteQty":"0.00213180","time":1607950696009,"isBuyerMaker":false,"isBestMatch":true},{"id":47790284,"price":"0.00417800","qty":"0.17000000","quoteQty":"0.00071026","time":1607950707819,"isBuyerMaker":true,"isBestMatch":true},{"id":47790285,"price":"0.00417900","qty":"5.56000000","quoteQty":"0.02323524","time":1607950714138,"isBuyerMaker":false,"isBestMatch":true},{"id":47790286,"price":"0.00418000","qty":"0.55000000","quoteQty":"0.00229900","time":1607950718560,"isBuyerMaker":false,"isBestMatch":true},{"id":47790287,"price":"0.00418000","qty":"0.89000000","quoteQty":"0.00372020","time":1607950718580,"isBuyerMaker":false,"isBestMatch":true},{"id":47790288,"price":"0.00418000","qty":"4.83000000","quoteQty":"0.02018940","time":1607950718738,"isBuyerMaker":false,"isBestMatch":true},{"id":47790289,"price":"0.00418100","qty":"0.12000000","quoteQty":"0.00050172","time":1607950732237,"isBuyerMaker":false,"isBestMatch":true},{"id":47790290,"price":"0.00417900","qty":"0.10000000","quoteQty":"0.00041790","time":1607950735155,"isBuyerMaker":true,"isBestMatch":true},{"id":47790291,"price":"0.00418000","qty":"0.51000000","quoteQty":"0.00213180","time":1607950740036,"isBuyerMaker":false,"isBestMatch":true},{"id":47790292,"price":"0.00418000","qty":"28.98000000","quoteQty":"0.12113640","time":1607950745868,"isBuyerMaker":false,"isBestMatch":true},{"id":47790293,"price":"0.00418100","qty":"0.25000000","quoteQty":"0.00104525","time":1607950745947,"isBuyerMaker":false,"isBestMatch":true},{"id":47790294,"price":"0.00418100","qty":"2.81000000","quoteQty":"0.01174861","time":1607950745980,"isBuyerMaker":false,"isBestMatch":true},{"id":47790295,"price":"0.00418100","qty":"2.81000000","quoteQty":"0.01174861","time":1607950746007,"isBuyerMaker":false,"isBestMatch":true},{"id":47790296,"price":"0.00418100","qty":"2.74000000","quoteQty":"0.01145594","time":1607950746008,"isBuyerMaker":false,"isBestMatch":true},{"id":47790297,"price":"0.00418100","qty":"0.38000000","quoteQty":"0.00158878","time":1607950746031,"isBuyerMaker":false,"isBestMatch":true},{"id":47790298,"price":"0.00418100","qty":"1.01000000","quoteQty":"0.00422281","time":1607950746056,"isBuyerMaker":false,"isBestMatch":true},{"id":47790299,"price":"0.00418100","qty":"1.25000000","quoteQty":"0.00522625","time":1607950746114,"isBuyerMaker":false,"isBestMatch":true},{"id":47790300,"price":"0.00418100","qty":"1.22000000","quoteQty":"0.00510082","time":1607950746152,"isBuyerMaker":false,"isBestMatch":true},{"id":47790301,"price":"0.00418100","qty":"0.91000000","quoteQty":"0.00380471","time":1607950746194,"isBuyerMaker":false,"isBestMatch":true},{"id":47790302,"price":"0.00418100","qty":"2.46000000","quoteQty":"0.01028526","time":1607950746302,"isBuyerMaker":false,"isBestMatch":true},{"id":47790303,"price":"0.00418100","qty":"0.89000000","quoteQty":"0.00372109","time":1607950746337,"isBuyerMaker":false,"isBestMatch":true},{"id":47790304,"price":"0.00418100","qty":"1.70000000","quoteQty":"0.00710770","time":1607950746448,"isBuyerMaker":false,"isBestMatch":true},{"id":47790305,"price":"0.00418100","qty":"1.07000000","quoteQty":"0.00447367","time":1607950746499,"isBuyerMaker":false,"isBestMatch":true},{"id":47790306,"price":"0.00418100","qty":"0.84000000","quoteQty":"0.00351204","time":1607950746542,"isBuyerMaker":false,"isBestMatch":true},{"id":47790307,"price":"0.00418100","qty":"0.82000000","quoteQty":"0.00342842","time":1607950746639,"isBuyerMaker":false,"isBestMatch":true},{"id":47790308,"price":"0.00418100","qty":"0.81000000","quoteQty":"0.00338661","time":1607950746680,"isBuyerMaker":false,"isBestMatch":true},{"id":47790309,"price":"0.00418000","qty":"0.36000000","quoteQty":"0.00150480","time":1607950746722,"isBuyerMaker":true,"isBestMatch":true},{"id":47790310,"price":"0.00418000","qty":"0.35000000","quoteQty":"0.00146300","time":1607950746722,"isBuyerMaker":true,"isBestMatch":true},{"id":47790311,"price":"0.00418100","qty":"1.19000000","quoteQty":"0.00497539","time":1607950746915,"isBuyerMaker":false,"isBestMatch":true},{"id":47790312,"price":"0.00418100","qty":"0.86000000","quoteQty":"0.00359566","time":1607950746957,"isBuyerMaker":false,"isBestMatch":true},{"id":47790313,"price":"0.00418100","qty":"0.95000000","quoteQty":"0.00397195","time":1607950747047,"isBuyerMaker":false,"isBestMatch":true},{"id":47790314,"price":"0.00418000","qty":"1.32000000","quoteQty":"0.00551760","time":1607950747079,"isBuyerMaker":true,"isBestMatch":true},{"id":47790315,"price":"0.00418100","qty":"1.78000000","quoteQty":"0.00744218","time":1607950747262,"isBuyerMaker":false,"isBestMatch":true},{"id":47790316,"price":"0.00418000","qty":"0.32000000","quoteQty":"0.00133760","time":1607950748229,"isBuyerMaker":true,"isBestMatch":true},{"id":47790317,"price":"0.00418100","qty":"2.45000000","quoteQty":"0.01024345","time":1607950754762,"isBuyerMaker":false,"isBestMatch":true},{"id":47790318,"price":"0.00418000","qty":"1.53000000","quoteQty":"0.00639540","time":1607950758183,"isBuyerMaker":false,"isBestMatch":true},{"id":47790319,"price":"0.00418000","qty":"1.53000000","quoteQty":"0.00639540","time":1607950758208,"isBuyerMaker":false,"isBestMatch":true},{"id":47790320,"price":"0.00418000","qty":"8.70000000","quoteQty":"0.03636600","time":1607950767864,"isBuyerMaker":false,"isBestMatch":true},{"id":47790321,"price":"0.00417900","qty":"0.06000000","quoteQty":"0.00025074","time":1607950774482,"isBuyerMaker":true,"isBestMatch":true},{"id":47790322,"price":"0.00417900","qty":"0.09000000","quoteQty":"0.00037611","time":1607950781071,"isBuyerMaker":true,"isBestMatch":true},{"id":47790323,"price":"0.00417900","qty":"4.93000000","quoteQty":"0.02060247","time":1607950794081,"isBuyerMaker":true,"isBestMatch":true},{"id":47790324,"price":"0.00417900","qty":"6.10000000","quoteQty":"0.02549190","time":1607950796431,"isBuyerMaker":true,"isBestMatch":true},{"id":47790325,"price":"0.00418000","qty":"1.33000000","quoteQty":"0.00555940","time":1607950807970,"isBuyerMaker":true,"isBestMatch":true},{"id":47790326,"price":"0.00418000","qty":"0.04000000","quoteQty":"0.00016720","time":1607950817826,"isBuyerMaker":true,"isBestMatch":true},{"id":47790327,"price":"0.00418000","qty":"0.03000000","quoteQty":"0.00012540","time":1607950820852,"isBuyerMaker":true,"isBestMatch":true},{"id":47790328,"price":"0.00418100","qty":"0.13000000","quoteQty":"0.00054353","time":1607950826906,"isBuyerMaker":false,"isBestMatch":true},{"id":47790329,"price":"0.00418100","qty":"0.50000000","quoteQty":"0.00209050","time":1607950837577,"isBuyerMaker":true,"isBestMatch":true},{"id":47790330,"price":"0.00418100","qty":"11.95000000","quoteQty":"0.04996295","time":1607950838775,"isBuyerMaker":true,"isBestMatch":true},{"id":47790331,"price":"0.00418100","qty":"2.91000000","quoteQty":"0.01216671","time":1607950839311,"isBuyerMaker":true,"isBestMatch":true},{"id":47790332,"price":"0.00418100","qty":"14.64000000","quoteQty":"0.06120984","time":1607950839331,"isBuyerMaker":true,"isBestMatch":true},{"id":47790333,"price":"0.00418000","qty":"2.91000000","quoteQty":"0.01216380","time":1607950839331,"isBuyerMaker":true,"isBestMatch":true},{"id":47790334,"price":"0.00418000","qty":"25.00000000","quoteQty":"0.10450000","time":1607950848275,"isBuyerMaker":true,"isBestMatch":true},{"id":47790335,"price":"0.00418000","qty":"5.00000000","quoteQty":"0.02090000","time":1607950848296,"isBuyerMaker":true,"isBestMatch":true},{"id":47790336,"price":"0.00418000","qty":"3.06000000","quoteQty":"0.01279080","time":1607950848296,"isBuyerMaker":true,"isBestMatch":true},{"id":47790337,"price":"0.00417900","qty":"0.73000000","quoteQty":"0.00305067","time":1607950848296,"isBuyerMaker":true,"isBestMatch":true},{"id":47790338,"price":"0.00418000","qty":"3.00000000","quoteQty":"0.01254000","time":1607950858154,"isBuyerMaker":false,"isBestMatch":true},{"id":47790339,"price":"0.00418000","qty":"0.34000000","quoteQty":"0.00142120","time":1607950858799,"isBuyerMaker":false,"isBestMatch":true},{"id":47790340,"price":"0.00418000","qty":"0.12000000","quoteQty":"0.00050160","time":1607950858799,"isBuyerMaker":false,"isBestMatch":true},{"id":47790341,"price":"0.00418100","qty":"1.57000000","quoteQty":"0.00656417","time":1607950863107,"isBuyerMaker":false,"isBestMatch":true},{"id":47790342,"price":"0.00417900","qty":"2.02000000","quoteQty":"0.00844158","time":1607950870543,"isBuyerMaker":true,"isBestMatch":true},{"id":47790343,"price":"0.00417900","qty":"1.08000000","quoteQty":"0.00451332","time":1607950870568,"isBuyerMaker":true,"isBestMatch":true},{"id":47790344,"price":"0.00417900","qty":"25.21000000","quoteQty":"0.10535259","time":1607950870625,"isBuyerMaker":true,"isBestMatch":true},{"id":47790345,"price":"0.00417900","qty":"23.50000000","quoteQty":"0.09820650","time":1607950870646,"isBuyerMaker":true,"isBestMatch":true},{"id":47790346,"price":"0.00417900","qty":"21.66000000","quoteQty":"0.09051714","time":1607950870688,"isBuyerMaker":true,"isBestMatch":true},{"id":47790347,"price":"0.00417900","qty":"22.38000000","quoteQty":"0.09352602","time":1607950870716,"isBuyerMaker":true,"isBestMatch":true},{"id":47790348,"price":"0.00417900","qty":"23.05000000","quoteQty":"0.09632595","time":1607950870752,"isBuyerMaker":true,"isBestMatch":true},{"id":47790349,"price":"0.00417900","qty":"1.43000000","quoteQty":"0.00597597","time":1607950871998,"isBuyerMaker":true,"isBestMatch":true},{"id":47790350,"price":"0.00417900","qty":"1.56000000","quoteQty":"0.00651924","time":1607950872813,"isBuyerMaker":true,"isBestMatch":true},{"id":47790351,"price":"0.00417900","qty":"0.85000000","quoteQty":"0.00355215","time":1607950872856,"isBuyerMaker":true,"isBestMatch":true},{"id":47790352,"price":"0.00417900","qty":"22.54000000","quoteQty":"0.09419466","time":1607950872961,"isBuyerMaker":true,"isBestMatch":true},{"id":47790353,"price":"0.00417900","qty":"22.31000000","quoteQty":"0.09323349","time":1607950872996,"isBuyerMaker":true,"isBestMatch":true},{"id":47790354,"price":"0.00417900","qty":"1.41000000","quoteQty":"0.00589239","time":1607950873017,"isBuyerMaker":true,"isBestMatch":true},{"id":47790355,"price":"0.00417800","qty":"22.31000000","quoteQty":"0.09321118","time":1607950873017,"isBuyerMaker":true,"isBestMatch":true},{"id":47790356,"price":"0.00417800","qty":"0.97000000","quoteQty":"0.00405266","time":1607950873084,"isBuyerMaker":true,"isBestMatch":true},{"id":47790357,"price":"0.00417800","qty":"0.08000000","quoteQty":"0.00033424","time":1607950905007,"isBuyerMaker":false,"isBestMatch":true},{"id":47790358,"price":"0.00417800","qty":"0.05000000","quoteQty":"0.00020890","time":1607950905007,"isBuyerMaker":false,"isBestMatch":true},{"id":47790359,"price":"0.00417800","qty":"6.10000000","quoteQty":"0.02548580","time":1607950918231,"isBuyerMaker":true,"isBestMatch":true},{"id":47790360,"price":"0.00417900","qty":"24.97000000","quoteQty":"0.10434963","time":1607950921701,"isBuyerMaker":false,"isBestMatch":true},{"id":47790361,"price":"0.00417900","qty":"0.64000000","quoteQty":"0.00267456","time":1607950922028,"isBuyerMaker":false,"isBestMatch":true},{"id":47790362,"price":"0.00417900","qty":"0.35000000","quoteQty":"0.00146265","time":1607950922028,"isBuyerMaker":false,"isBestMatch":true},{"id":47790363,"price":"0.00418000","qty":"9.35000000","quoteQty":"0.03908300","time":1607950927651,"isBuyerMaker":false,"isBestMatch":true},{"id":47790364,"price":"0.00418000","qty":"0.85000000","quoteQty":"0.00355300","time":1607950927690,"isBuyerMaker":false,"isBestMatch":true},{"id":47790365,"price":"0.00418000","qty":"1.43000000","quoteQty":"0.00597740","time":1607950927743,"isBuyerMaker":false,"isBestMatch":true},{"id":47790366,"price":"0.00418000","qty":"1.43000000","quoteQty":"0.00597740","time":1607950927766,"isBuyerMaker":false,"isBestMatch":true},{"id":47790367,"price":"0.00418000","qty":"1.40000000","quoteQty":"0.00585200","time":1607950932055,"isBuyerMaker":false,"isBestMatch":true},{"id":47790368,"price":"0.00418000","qty":"0.42000000","quoteQty":"0.00175560","time":1607950934618,"isBuyerMaker":false,"isBestMatch":true},{"id":47790369,"price":"0.00418000","qty":"0.69000000","quoteQty":"0.00288420","time":1607950934637,"isBuyerMaker":false,"isBestMatch":true},{"id":47790370,"price":"0.00418000","qty":"0.25000000","quoteQty":"0.00104500","time":1607950935615,"isBuyerMaker":false,"isBestMatch":true},{"id":47790371,"price":"0.00418000","qty":"0.25000000","quoteQty":"0.00104500","time":1607950935644,"isBuyerMaker":false,"isBestMatch":true},{"id":47790372,"price":"0.00417900","qty":"0.17000000","quoteQty":"0.00071043","time":1607950936878,"isBuyerMaker":true,"isBestMatch":true},{"id":47790373,"price":"0.00418000","qty":"13.93000000","quoteQty":"0.05822740","time":1607950938905,"isBuyerMaker":false,"isBestMatch":true},{"id":47790374,"price":"0.00418100","qty":"0.05000000","quoteQty":"0.00020905","time":1607950940329,"isBuyerMaker":false,"isBestMatch":true},{"id":47790375,"price":"0.00418000","qty":"30.00000000","quoteQty":"0.12540000","time":1607950955207,"isBuyerMaker":false,"isBestMatch":true}]