[{"id":54627496,"price":"0.00445400","qty":"0.10000000","quoteQty":"0.00044540","time":1613578535662,"isBuyerMaker":true,"isBestMatch":true},{"id":54627497,"price":"0.00445400","qty":"0.14000000","quoteQty":"0.00062356","time":1613578536494,"isBuyerMaker":false,"isBestMatch":true},{"id":54627498,"price":"0.00445300","qty":"0.03000000","quoteQty":"0.00013359","time":1613578537461,"isBuyerMaker":true,"isBestMatch":true},{"id":54627499,"price":"0.00445300","qty":"20.80000000","quoteQty":"0.09262240","time":1613578537461,"isBuyerMaker":true,"isBestMatch":true},{"id":54627500,"price":"0.00445300","qty":"9.32000000","quoteQty":"0.04150196","time":1613578537461,"isBuyerMaker":true,"isBestMatch":true},{"id":54627501,"price":"0.00445300","qty":"0.10000000","quoteQty":"0.00044530","time":1613578537626,"isBuyerMaker":true,"isBestMatch":true},{"id":54627502,"price":"0.00445300","qty":"5.45000000","quoteQty":"0.02426885","time":1613578538171,"isBuyerMaker":true,"isBestMatch":true},{"id":54627503,"price":"0.00445300","qty":"1.77000000","quoteQty":"0.00788181","time":1613578538443,"isBuyerMaker":true,"isBestMatch":true},{"id":54627504,"price":"0.00445300","qty":"2.51000000","quoteQty":"0.01117703","time":1613578538443,"isBuyerMaker":true,"isBestMatch":true},{"id":54627505,"price":"0.00445300","qty":"3.91000000","quoteQty":"0.01741123","time":1613578538985,"isBuyerMaker":true,"isBestMatch":true},{"id":54627506,"price":"0.00445300","qty":"3.71000000","quoteQty":"0.01652063","time":1613578539217,"isBuyerMaker":true,"isBestMatch":true},{"id":54627507,"price":"0.00445300","qty":"1.37000000","quoteQty":"0.00610061","time":1613578539488,"isBuyerMaker":true,"isBestMatch":true},{"id":54627508,"price":"0.00445400","qty":"17.70000000","quoteQty":"0.07883580","time":1613578540113,"isBuyerMaker":false,"isBestMatch":true},{"id":54627509,"price":"0.00445400","qty":"1.30000000","quoteQty":"0.00579020","time":1613578541342,"isBuyerMaker":true,"isBestMatch":true},{"id":54627510,"price":"0.00445700","qty":"0.80000000","quoteQty":"0.00356560","time":1613578543526,"isBuyerMaker":false,"isBestMatch":true},{"id":54627511,"price":"0.00445700","qty":"6.87000000","quoteQty":"0.03061959","time":1613578543526,"isBuyerMaker":false,"isBestMatch":true},{"id":54627512,"price":"0.00445700","qty":"3.59000000","quoteQty":"0.01600063","time":1613578544007,"isBuyerMaker":false,"isBestMatch":true},{"id":54627513,"price":"0.00445700","qty":"3.54000000","quoteQty":"0.01577778","time":1613578544007,"isBuyerMaker":false,"isBestMatch":true},{"id":54627514,"price":"0.00445700","qty":"3.56000000","quoteQty":"0.01586692","time":1613578544635,"isBuyerMaker":true,"isBestMatch":true},{"id":54627515,"price":"0.00445900","qty":"3.39000000","quoteQty":"0.01511601","time":1613578544706,"isBuyerMaker":false,"isBestMatch":true},{"id":54627516,"price":"0.00445900","qty":"8.45000000","quoteQty":"0.03767855","time":1613578545360,"isBuyerMaker":false,"isBestMatch":true},{"id":54627517,"price":"0.00445900","qty":"5.50000000","quoteQty":"0.02452450","time":1613578545542,"isBuyerMaker":false,"isBestMatch":true},{"id":54627518,"price":"0.00445900","qty":"6.94000000","quoteQty":"0.03094546","time":1613578545565,"isBuyerMaker":false,"isBestMatch":true},{"id":54627519,"price":"0.00446100","qty":"1.15000000","quoteQty":"0.00513015","time":1613578547732,"isBuyerMaker":true,"isBestMatch":true},{"id":54627520,"price":"0.00446200","qty":"0.23000000","quoteQty":"0.00102626","time":1613578549916,"isBuyerMaker":true,"isBestMatch":true},{"id":54627521,"price":"0.00446200","qty":"7.03000000","quoteQty":"0.03136786","time":1613578550300,"isBuyerMaker":true,"isBestMatch":true},{"id":54627522,"price":"0.00446000","qty":"20.79000000","quoteQty":"0.09272340","time":1613578552983,"isBuyerMaker":true,"isBestMatch":true},{"id":54627523,"price":"0.00446000","qty":"4.87000000","quoteQty":"0.02172020","time":1613578552983,"isBuyerMaker":true,"isBestMatch":true},{"id":54627524,"price":"0.00446000","qty":"0.67000000","quoteQty":"0.00298820","time":1613578553029,"isBuyerMaker":true,"isBestMatch":true},{"id":54627525,"price":"0.00446000","qty":"8.86000000","quoteQty":"0.03951560","time":1613578553137,"isBuyerMaker":true,"isBestMatch":true},{"id":54627526,"price":"0.00446000","qty":"2.47000000","quoteQty":"0.01101620","time":1613578553243,"isBuyerMaker":true,"isBestMatch":true},{"id":54627527,"price":"0.00446000","qty":"5.00000000","quoteQty":"0.02230000","time":1613578553602,"isBuyerMaker":true,"isBestMatch":true},{"id":54627528,"price":"0.00446000","qty":"1.60000000","quoteQty":"0.00713600","time":1613578553621,"isBuyerMaker":true,"isBestMatch":true},{"id":54627529,"price":"0.00446000","qty":"1.47000000","quoteQty":"0.00655620","time":1613578553637,"isBuyerMaker":true,"isBestMatch":true},{"id":54627530,"price":"0.00446000","qty":"18.53000000","quoteQty":"0.08264380","time":1613578553637,"isBuyerMaker":true,"isBestMatch":true},{"id":54627531,"price":"0.00446000","qty":"6.41000000","quoteQty":"0.02858860","time":1613578553656,"isBuyerMaker":true,"isBestMatch":true},{"id":54627532,"price":"0.00446000","qty":"13.59000000","quoteQty":"0.06061140","time":1613578553656,"isBuyerMaker":true,"isBestMatch":true},{"id":54627533,"price":"0.00446000","qty":"3.04000000","quoteQty":"0.01355840","time":1613578553745,"isBuyerMaker":true,"isBestMatch":true},{"id":54627534,"price":"0.00445800","qty":"10.00000000","quoteQty":"0.04458000","time":1613578553968,"isBuyerMaker":true,"isBestMatch":true},{"id":54627535,"price":"0.00445700","qty":"23.69000000","quoteQty":"0.10558633","time":1613578554297,"isBuyerMaker":true,"isBestMatch":true},{"id":54627536,"price":"0.00445700","qty":"6.31000000","quoteQty":"0.02812367","time":1613578554341,"isBuyerMaker":true,"isBestMatch":true},{"id":54627537,"price":"0.00445700","qty":"4.26000000","quoteQty":"0.01898682","time":1613578554341,"isBuyerMaker":true,"isBestMatch":true},{"id":54627538,"price":"0.00445700","qty":"3.00000000","quoteQty":"0.01337100","time":1613578554475,"isBuyerMaker":true,"isBestMatch":true},{"id":54627539,"price":"0.00445700","qty":"0.10000000","quoteQty":"0.00044570","time":1613578554495,"isBuyerMaker":true,"isBestMatch":true},{"id":54627540,"price":"0.00445800","qty":"6.13000000","quoteQty":"0.02732754","time":1613578554972,"isBuyerMaker":false,"isBestMatch":true},{"id":54627541,"price":"0.00445800","qty":"2.94000000","quoteQty":"0.01310652","time":1613578555113,"isBuyerMaker":false,"isBestMatch":true},{"id":54627542,"price":"0.00445700","qty":"0.14000000","quoteQty":"0.00062398","time":1613578555344,"isBuyerMaker":true,"isBestMatch":true},{"id":54627543,"price":"0.00445700","qty":"26.76000000","quoteQty":"0.11926932","time":1613578555362,"isBuyerMaker":true,"isBestMatch":true},{"id":54627544,"price":"0.00445700","qty":"8.22000000","quoteQty":"0.03663654","time":1613578555362,"isBuyerMaker":true,"isBestMatch":true},{"id":54627545,"price":"0.00446000","qty":"0.17000000","quoteQty":"0.00075820","time":1613578556965,"isBuyerMaker":false,"isBestMatch":true},{"id":54627546,"price":"0.00445900","qty":"1.12000000","quoteQty":"0.00499408","time":1613578558563,"isBuyerMaker":true,"isBestMatch":true},{"id":54627547,"price":"0.00445900","qty":"0.77000000","quoteQty":"0.00343343","time":1613578558821,"isBuyerMaker":true,"isBestMatch":true},{"id":54627548,"price":"0.00445900","qty":"1.12000000","quoteQty":"0.00499408","time":1613578559078,"isBuyerMaker":true,"isBestMatch":true},{"id":54627549,"price":"0.00445900","qty":"16.05000000","quoteQty":"0.07156695","time":1613578560371,"isBuyerMaker":false,"isBestMatch":true},{"id":54627550,"price":"0.00445900","qty":"8.89000000","quoteQty":"0.03964051","time":1613578560371,"isBuyerMaker":false,"isBestMatch":true},{"id":54627551,"price":"0.00445900","qty":"7.16000000","quoteQty":"0.03192644","time":1613578560411,"isBuyerMaker":false,"isBestMatch":true},{"id":54627552,"price":"0.00445900","qty":"17.00000000","quoteQty":"0.07580300","time":1613578560411,"isBuyerMaker":false,"isBestMatch":true},{"id":54627553,"price":"0.00445900","qty":"0.78000000","quoteQty":"0.00347802","time":1613578560443,"isBuyerMaker":true,"isBestMatch":true},{"id":54627554,"price":"0.00445900","qty":"16.62000000","quoteQty":"0.07410858","time":1613578561170,"isBuyerMaker":true,"isBestMatch":true},{"id":54627555,"price":"0.00445900","qty":"0.37000000","quoteQty":"0.00164983","time":1613578562878,"isBuyerMaker":false,"isBestMatch":true},{"id":54627556,"price":"0.00445900","qty":"4.28000000","quoteQty":"0.01908452","time":1613578566361,"isBuyerMaker":false,"isBestMatch":true},{"id":54627557,"price":"0.00445800","qty":"0.95000000","quoteQty":"0.00423510","time":1613578568850,"isBuyerMaker":true,"isBestMatch":true},{"id":54627558,"price":"0.00446000","qty":"0.31000000","quoteQty":"0.00138260","time":1613578570003,"isBuyerMaker":false,"isBestMatch":true},{"id":54627559,"price":"0.00445800","qty":"6.97000000","quoteQty":"0.03107226","time":1613578570686,"isBuyerMaker":true,"isBestMatch":true},{"id":54627560,"price":"0.00445900","qty":"3.94000000","quoteQty":"0.01756846","time":1613578572652,"isBuyerMaker":true,"isBestMatch":true},{"id":54627561,"price":"0.00446000","qty":"2.88000000","quoteQty":"0.01284480","time":1613578577330,"isBuyerMaker":false,"isBestMatch":true},{"id":54627562,"price":"0.00445900","qty":"4.58000000","quoteQty":"0.02042222","time":1613578579521,"isBuyerMaker":true,"isBestMatch":true},{"id":54627563,"price":"0.00445900","qty":"5.00000000","quoteQty":"0.02229500","time":1613578581441,"isBuyerMaker":true,"isBestMatch":true},{"id":54627564,"price":"0.00445900","qty":"15.79000000","quoteQty":"0.07040761","time":1613578581445,"isBuyerMaker":true,"isBestMatch":true},{"id":54627565,"price":"0.00445900","qty":"16.63000000","quoteQty":"0.07415317","time":1613578581445,"isBuyerMaker":true,"isBestMatch":true},{"id":54627566,"price":"0.00445700","qty":"2.12000000","quoteQty":"0.00944884","time":1613578581577,"isBuyerMaker":true,"isBestMatch":true},{"id":54627567,"price":"0.00445700","qty":"17.00000000","quoteQty":"0.07576900","time":1613578581577,"isBuyerMaker":true,"isBestMatch":true},{"id":54627568,"price":"0.00445700","qty":"0.88000000","quoteQty":"0.00392216","time":1613578581577,"isBuyerMaker":true,"isBestMatch":true},{"id":54627569,"price":"0.00445800","qty":"0.03000000","quoteQty":"0.00013374","time":1613578582806,"isBuyerMaker":false,"isBestMatch":true},{"id":54627570,"price":"0.00445500","qty":"0.04000000","quoteQty":"0.00017820","time":1613578584461,"isBuyerMaker":true,"isBestMatch":true},{"id":54627571,"price":"0.00445500","qty":"1.91000000","quoteQty":"0.00850905","time":1613578584461,"isBuyerMaker":true,"isBestMatch":true},{"id":54627572,"price":"0.00445500","qty":"5.30000000","quoteQty":"0.02361150","time":1613578584461,"isBuyerMaker":true,"isBestMatch":true},{"id":54627573,"price":"0.00445700","qty":"0.04000000","quoteQty":"0.00017828","time":1613578584799,"isBuyerMaker":false,"isBestMatch":true},{"id":54627574,"price":"0.00445700","qty":"0.06000000","quoteQty":"0.00026742","time":1613578587897,"isBuyerMaker":false,"isBestMatch":true},{"id":54627575,"price":"0.00445700","qty":"0.23000000","quoteQty":"0.00102511","time":1613578587897,"isBuyerMaker":false,"isBestMatch":true},{"id":54627576,"price":"0.00445600","qty":"18.23000000","quoteQty":"0.08123288","time":1613578588079,"isBuyerMaker":true,"isBestMatch":true},{"id":54627577,"price":"0.00445700","qty":"0.04000000","quoteQty":"0.00017828","time":1613578589771,"isBuyerMaker":false,"isBestMatch":true},{"id":54627578,"price":"0.00445700","qty":"0.08000000","quoteQty":"0.00035656","time":1613578590151,"isBuyerMaker":false,"isBestMatch":true},{"id":54627579,"price":"0.00445700","qty":"0.62000000","quoteQty":"0.00276334","time":1613578590151,"isBuyerMaker":false,"isBestMatch":true},{"id":54627580,"price":"0.00445600","qty":"0.63000000","quoteQty":"0.00280728","time":1613578590649,"isBuyerMaker":true,"isBestMatch":true},{"id":54627581,"price":"0.00445700","qty":"0.09000000","quoteQty":"0.00040113","time":1613578591125,"isBuyerMaker":false,"isBestMatch":true},{"id":54627582,"price":"0.00445700","qty":"0.53000000","quoteQty":"0.00236221","time":1613578592832,"isBuyerMaker":false,"isBestMatch":true},{"id":54627583,"price":"0.00445700","qty":"0.03000000","quoteQty":"0.00013371","time":1613578592832,"isBuyerMaker":false,"isBestMatch":true},{"id":54627584,"price":"0.00445700","qty":"17.00000000","quoteQty":"0.07576900","time":1613578592832,"isBuyerMaker":false,"isBestMatch":true},{"id":54627585,"price":"0.00445700","qty":"7.49000000","quoteQty":"0.03338293","time":1613578594232,"isBuyerMaker":false,"isBestMatch":true},{"id":54627586,"price":"0.00445800","qty":"0.34000000","quoteQty":"0.00151572","time":1613578594314,"isBuyerMaker":false,"isBestMatch":true},{"id":54627587,"price":"0.00445800","qty":"0.33000000","quoteQty":"0.00147114","time":1613578596312,"isBuyerMaker":false,"isBestMatch":true},{"id":54627588,"price":"0.00445700","qty":"2.00000000","quoteQty":"0.00891400","time":1613578596619,"isBuyerMaker":true,"isBestMatch":true},{"id":54627589,"price":"0.00445900","qty":"0.33000000","quoteQty":"0.00147147","time":1613578597313,"isBuyerMaker":false,"isBestMatch":true},{"id":54627590,"price":"0.00445700","qty":"12.00000000","quoteQty":"0.05348400","time":1613578599099,"isBuyerMaker":true,"isBestMatch":true},{"id":54627591,"price":"0.00445700","qty":"1.20000000","quoteQty":"0.00534840","time":1613578599175,"isBuyerMaker":true,"isBestMatch":true},{"id":54627592,"price":"0.00445700","qty":"7.60000000","quoteQty":"0.03387320","time":1613578599223,"isBuyerMaker":true,"isBestMatch":true},{"id":54627593,"price":"0.00445700","qty":"7.26000000","quoteQty":"0.03235782","time":1613578599223,"isBuyerMaker":true,"isBestMatch":true},{"id":54627594,"price":"0.00445700","qty":"3.37000000","quoteQty":"0.01502009","time":1613578599233,"isBuyerMaker":true,"isBestMatch":true},{"id":54627595,"price":"0.00445700","qty":"3.21000000","quoteQty":"0.01430697","time":1613578599252,"isBuyerMaker":true,"isBestMatch":true},{"id":54627596,"price":"0.00445700","qty":"2.80000000","quoteQty":"0.01247960","time":1613578599305,"isBuyerMaker":true,"isBestMatch":true},{"id":54627597,"price":"0.00445700","qty":"7.40000000","quoteQty":"0.03298180","time":1613578599305,"isBuyerMaker":true,"isBestMatch":true},{"id":54627598,"price":"0.00445700","qty":"1.60000000","quoteQty":"0.00713120","time":1613578599307,"isBuyerMaker":true,"isBestMatch":true},{"id":54627599,"price":"0.00445700","qty":"15.96000000","quoteQty":"0.07113372","time":1613578599336,"isBuyerMaker":true,"isBestMatch":true},{"id":54627600,"price":"0.00445700","qty":"24.96000000","quoteQty":"0.11124672","time":1613578599336,"isBuyerMaker":true,"isBestMatch":true},{"id":54627601,"price":"0.00445400","qty":"14.41000000","quoteQty":"0.06418214","time":1613578599356,"isBuyerMaker":true,"isBestMatch":true},{"id":54627602,"price":"0.00445400","qty":"18.26000000","quoteQty":"0.08133004","time":1613578599356,"isBuyerMaker":true,"isBestMatch":true},{"id":54627603,"price":"0.00445500","qty":"0.33000000","quoteQty":"0.00147015","time":1613578599571,"isBuyerMaker":false,"isBestMatch":true},{"id":54627604,"price":"0.00445800","qty":"0.71000000","quoteQty":"0.00316518","time":1613578602101,"isBuyerMaker":true,"isBestMatch":true},{"id":54627605,"price":"0.00445900","qty":"0.78000000","quoteQty":"0.00347802","time":1613578603542,"isBuyerMaker":false,"isBestMatch":true},{"id":54627606,"price":"0.00445900","qty":"0.44000000","quoteQty":"0.00196196","time":1613578604124,"isBuyerMaker":false,"isBestMatch":true},{"id":54627607,"price":"0.00445800","qty":"0.14000000","quoteQty":"0.00062412","time":1613578604125,"isBuyerMaker":true,"isBestMatch":true},{"id":54627608,"price":"0.00446000","qty":"0.03000000","quoteQty":"0.00013380","time":1613578606410,"isBuyerMaker":false,"isBestMatch":true},{"id":54627609,"price":"0.00446100","qty":"1.03000000","quoteQty":"0.00459483","time":1613578607030,"isBuyerMaker":false,"isBestMatch":true},{"id":54627610,"price":"0.00446000","qty":"1.62000000","quoteQty":"0.00722520","time":1613578608750,"isBuyerMaker":true,"isBestMatch":true},{"id":54627611,"price":"0.00446000","qty":"1.32000000","quoteQty":"0.00588720","time":1613578608843,"isBuyerMaker":true,"isBestMatch":true},{"id":54627612,"price":"0.00446200","qty":"0.95000000","quoteQty":"0.00423890","time":1613578610194,"isBuyerMaker":false,"isBestMatch":true},{"id":54627613,"price":"0.00446200","qty":"7.49000000","quoteQty":"0.03342038","time":1613578611682,"isBuyerMaker":false,"isBestMatch":true},{"id":54627614,"price":"0.00446200","qty":"4.90000000","quoteQty":"0.02186380","time":1613578612580,"isBuyerMaker":true,"isBestMatch":true},{"id":54627615,"price":"0.00446200","qty":"1.99000000","quoteQty":"0.00887938","time":1613578612643,"isBuyerMaker":true,"isBestMatch":true},{"id":54627616,"price":"0.00446200","qty":"10.57000000","quoteQty":"0.04716334","time":1613578612691,"isBuyerMaker":true,"isBestMatch":true},{"id":54627617,"price":"0.00446200","qty":"2.62000000","quoteQty":"0.01169044","time":1613578612691,"isBuyerMaker":true,"isBestMatch":true},{"id":54627618,"price":"0.00446200","qty":"9.25000000","quoteQty":"0.04127350","time":1613578612832,"isBuyerMaker":true,"isBestMatch":true},{"id":54627619,"price":"0.00446200","qty":"11.86000000","quoteQty":"0.05291932","time":1613578613015,"isBuyerMaker":true,"isBestMatch":true},{"id":54627620,"price":"0.00446200","qty":"0.97000000","quoteQty":"0.00432814","time":1613578613656,"isBuyerMaker":true,"isBestMatch":true},{"id":54627621,"price":"0.00446200","qty":"13.03000000","quoteQty":"0.05813986","time":1613578613780,"isBuyerMaker":true,"isBestMatch":true},{"id":54627622,"price":"0.00446200","qty":"6.79000000","quoteQty":"0.03029698","time":1613578613849,"isBuyerMaker":true,"isBestMatch":true},{"id":54627623,"price":"0.00446200","qty":"24.95000000","quoteQty":"0.11132690","time":1613578613849,"isBuyerMaker":true,"isBestMatch":true},{"id":54627624,"price":"0.00446200","qty":"16.63000000","quoteQty":"0.07420306","time":1613578613849,"isBuyerMaker":true,"isBestMatch":true},{"id":54627625,"price":"0.00446200","qty":"2.63000000","quoteQty":"0.01173506","time":1613578613849,"isBuyerMaker":true,"isBestMatch":true},{"id":54627626,"price":"0.00446200","qty":"9.49000000","quoteQty":"0.04234438","time":1613578613894,"isBuyerMaker":true,"isBestMatch":true},{"id":54627627,"price":"0.00446300","qty":"6.36000000","quoteQty":"0.02838468","time":1613578616435,"isBuyerMaker":false,"isBestMatch":true},{"id":54627628,"price":"0.00446300","qty":"2.05000000","quoteQty":"0.00914915","time":1613578616838,"isBuyerMaker":false,"isBestMatch":true},{"id":54627629,"price":"0.00446200","qty":"12.81000000","quoteQty":"0.05715822","time":1613578618070,"isBuyerMaker":true,"isBestMatch":true},{"id":54627630,"price":"0.00446200","qty":"14.07000000","quoteQty":"0.06278034","time":1613578618070,"isBuyerMaker":true,"isBestMatch":true},{"id":54627631,"price":"0.00446200","qty":"6.32000000","quoteQty":"0.02819984","time":1613578620877,"isBuyerMaker":true,"isBestMatch":true},{"id":54627632,"price":"0.00446200","qty":"0.41000000","quoteQty":"0.00182942","time":1613578620979,"isBuyerMaker":true,"isBestMatch":true},{"id":54627633,"price":"0.00446200","qty":"2.37000000","quoteQty":"0.01057494","time":1613578620979,"isBuyerMaker":true,"isBestMatch":true},{"id":54627634,"price":"0.00446200","qty":"4.86000000","quoteQty":"0.02168532","time":1613578621018,"isBuyerMaker":true,"isBestMatch":true},{"id":54627635,"price":"0.00446200","qty":"17.73000000","quoteQty":"0.07911126","time":1613578621224,"isBuyerMaker":true,"isBestMatch":true},{"id":54627636,"price":"0.00446200","qty":"16.64000000","quoteQty":"0.07424768","time":1613578621224,"isBuyerMaker":true,"isBestMatch":true},{"id":54627637,"price":"0.00446200","qty":"24.96000000","quoteQty":"0.11137152","time":1613578621224,"isBuyerMaker":true,"isBestMatch":true},{"id":54627638,"price":"0.00446200","qty":"7.63000000","quoteQty":"0.03404506","time":1613578621224,"isBuyerMaker":true,"isBestMatch":true},{"id":54627639,"price":"0.00446300","qty":"0.48000000","quoteQty":"0.00214224","time":1613578624608,"isBuyerMaker":false,"isBestMatch":true},{"id":54627640,"price":"0.00446200","qty":"0.82000000","quoteQty":"0.00365884","time":1613578624656,"isBuyerMaker":true,"isBestMatch":true},{"id":54627641,"price":"0.00446300","qty":"0.16000000","quoteQty":"0.00071408","time":1613578624717,"isBuyerMaker":false,"isBestMatch":true},{"id":54627642,"price":"0.00446300","qty":"0.40000000","quoteQty":"0.00178520","time":1613578624788,"isBuyerMaker":false,"isBestMatch":true},{"id":54627643,"price":"0.00446200","qty":"4.41000000","quoteQty":"0.01967742","time":1613578625006,"isBuyerMaker":true,"isBestMatch":true},{"id":54627644,"price":"0.00446200","qty":"15.57000000","quoteQty":"0.06947334","time":1613578625313,"isBuyerMaker":true,"isBestMatch":true},{"id":54627645,"price":"0.00446200","qty":"9.39000000","quoteQty":"0.04189818","time":1613578625313,"isBuyerMaker":true,"isBestMatch":true},{"id":54627646,"price":"0.00446200","qty":"0.53000000","quoteQty":"0.00236486","time":1613578625338,"isBuyerMaker":true,"isBestMatch":true},{"id":54627647,"price":"0.00446200","qty":"7.75000000","quoteQty":"0.03458050","time":1613578625472,"isBuyerMaker":true,"isBestMatch":true},{"id":54627648,"price":"0.00446200","qty":"7.29000000","quoteQty":"0.03252798","time":1613578625481,"isBuyerMaker":true,"isBestMatch":true},{"id":54627649,"price":"0.00446200","qty":"16.71000000","quoteQty":"0.07456002","time":1613578625481,"isBuyerMaker":true,"isBestMatch":true},{"id":54627650,"price":"0.00446300","qty":"0.89000000","quoteQty":"0.00397207","time":1613578625509,"isBuyerMaker":false,"isBestMatch":true},{"id":54627651,"price":"0.00446300","qty":"0.22000000","quoteQty":"0.00098186","time":1613578625920,"isBuyerMaker":false,"isBestMatch":true},{"id":54627652,"price":"0.00446200","qty":"6.59000000","quoteQty":"0.02940458","time":1613578625993,"isBuyerMaker":true,"isBestMatch":true},{"id":54627653,"price":"0.00446300","qty":"5.15000000","quoteQty":"0.02298445","time":1613578626083,"isBuyerMaker":false,"isBestMatch":true},{"id":54627654,"price":"0.00446300","qty":"0.09000000","quoteQty":"0.00040167","time":1613578628056,"isBuyerMaker":false,"isBestMatch":true},{"id":54627655,"price":"0.00446200","qty":"0.19000000","quoteQty":"0.00084778","time":1613578629354,"isBuyerMaker":true,"isBestMatch":true},{"id":54627656,"price":"0.00446200","qty":"1.47000000","quoteQty":"0.00655914","time":1613578629459,"isBuyerMaker":true,"isBestMatch":true},{"id":54627657,"price":"0.00446200","qty":"0.39000000","quoteQty":"0.00174018","time":1613578629459,"isBuyerMaker":true,"isBestMatch":true},{"id":54627658,"price":"0.00446200","qty":"0.24000000","quoteQty":"0.00107088","time":1613578629459,"isBuyerMaker":true,"isBestMatch":true},{"id":54627659,"price":"0.00446200","qty":"0.19000000","quoteQty":"0.00084778","time":1613578629459,"isBuyerMaker":true,"isBestMatch":true},{"id":54627660,"price":"0.00446200","qty":"1.32000000","quoteQty":"0.00588984","time":1613578629459,"isBuyerMaker":true,"isBestMatch":true},{"id":54627661,"price":"0.00446200","qty":"4.71000000","quoteQty":"0.02101602","time":1613578629836,"isBuyerMaker":true,"isBestMatch":true},{"id":54627662,"price":"0.00446200","qty":"0.89000000","quoteQty":"0.00397118","time":1613578630504,"isBuyerMaker":true,"isBestMatch":true},{"id":54627663,"price":"0.00446200","qty":"0.72000000","quoteQty":"0.00321264","time":1613578630504,"isBuyerMaker":true,"isBestMatch":true},{"id":54627664,"price":"0.00446200","qty":"0.42000000","quoteQty":"0.00187404","time":1613578630654,"isBuyerMaker":true,"isBestMatch":true},{"id":54627665,"price":"0.00446200","qty":"0.25000000","quoteQty":"0.00111550","time":1613578630654,"isBuyerMaker":true,"isBestMatch":true},{"id":54627666,"price":"0.00446200","qty":"0.79000000","quoteQty":"0.00352498","time":1613578630894,"isBuyerMaker":true,"isBestMatch":true},{"id":54627667,"price":"0.00446200","qty":"4.21000000","quoteQty":"0.01878502","time":1613578630894,"isBuyerMaker":true,"isBestMatch":true},{"id":54627668,"price":"0.00446200","qty":"12.43000000","quoteQty":"0.05546266","time":1613578630993,"isBuyerMaker":true,"isBestMatch":true},{"id":54627669,"price":"0.00446200","qty":"3.36000000","quoteQty":"0.01499232","time":1613578630993,"isBuyerMaker":true,"isBestMatch":true},{"id":54627670,"price":"0.00446200","qty":"4.21000000","quoteQty":"0.01878502","time":1613578630993,"isBuyerMaker":true,"isBestMatch":true},{"id":54627671,"price":"0.00446200","qty":"16.59000000","quoteQty":"0.07402458","time":1613578631135,"isBuyerMaker":true,"isBestMatch":true},{"id":54627672,"price":"0.00446200","qty":"3.41000000","quoteQty":"0.01521542","time":1613578631135,"isBuyerMaker":true,"isBestMatch":true},{"id":54627673,"price":"0.00446400","qty":"14.99000000","quoteQty":"0.06691536","time":1613578632731,"isBuyerMaker":false,"isBestMatch":true},{"id":54627674,"price":"0.00446200","qty":"4.56000000","quoteQty":"0.02034672","time":1613578632766,"isBuyerMaker":true,"isBestMatch":true},{"id":54627675,"price":"0.00446200","qty":"10.60000000","quoteQty":"0.04729720","time":1613578636315,"isBuyerMaker":true,"isBestMatch":true},{"id":54627676,"price":"0.00446200","qty":"2.53000000","quoteQty":"0.01128886","time":1613578636397,"isBuyerMaker":true,"isBestMatch":true},{"id":54627677,"price":"0.00446200","qty":"3.86000000","quoteQty":"0.01722332","time":1613578636498,"isBuyerMaker":true,"isBestMatch":true},{"id":54627678,"price":"0.00446200","qty":"0.24000000","quoteQty":"0.00107088","time":1613578636498,"isBuyerMaker":true,"isBestMatch":true},{"id":54627679,"price":"0.00446200","qty":"0.24000000","quoteQty":"0.00107088","time":1613578636498,"isBuyerMaker":true,"isBestMatch":true},{"id":54627680,"price":"0.00446200","qty":"0.40000000","quoteQty":"0.00178480","time":1613578636498,"isBuyerMaker":true,"isBestMatch":true},{"id":54627681,"price":"0.00446200","qty":"17.89000000","quoteQty":"0.07982518","time":1613578636498,"isBuyerMaker":true,"isBestMatch":true},{"id":54627682,"price":"0.00446200","qty":"7.07000000","quoteQty":"0.03154634","time":1613578636543,"isBuyerMaker":true,"isBestMatch":true},{"id":54627683,"price":"0.00446200","qty":"13.17000000","quoteQty":"0.05876454","time":1613578636543,"isBuyerMaker":true,"isBestMatch":true},{"id":54627684,"price":"0.00446200","qty":"0.87000000","quoteQty":"0.00388194","time":1613578636726,"isBuyerMaker":true,"isBestMatch":true},{"id":54627685,"price":"0.00446300","qty":"0.19000000","quoteQty":"0.00084797","time":1613578637222,"isBuyerMaker":false,"isBestMatch":true},{"id":54627686,"price":"0.00446200","qty":"1.41000000","quoteQty":"0.00629142","time":1613578637397,"isBuyerMaker":true,"isBestMatch":true},{"id":54627687,"price":"0.00446200","qty":"1.19000000","quoteQty":"0.00530978","time":1613578637996,"isBuyerMaker":true,"isBestMatch":true},{"id":54627688,"price":"0.00446200","qty":"1.92000000","quoteQty":"0.00856704","time":1613578637996,"isBuyerMaker":true,"isBestMatch":true},{"id":54627689,"price":"0.00446200","qty":"18.88000000","quoteQty":"0.08424256","time":1613578638215,"isBuyerMaker":true,"isBestMatch":true},{"id":54627690,"price":"0.00446200","qty":"17.02000000","quoteQty":"0.07594324","time":1613578638215,"isBuyerMaker":true,"isBestMatch":true},{"id":54627691,"price":"0.00446200","qty":"7.70000000","quoteQty":"0.03435740","time":1613578638452,"isBuyerMaker":true,"isBestMatch":true},{"id":54627692,"price":"0.00446200","qty":"0.24000000","quoteQty":"0.00107088","time":1613578638880,"isBuyerMaker":true,"isBestMatch":true},{"id":54627693,"price":"0.00446200","qty":"4.76000000","quoteQty":"0.02123912","time":1613578638880,"isBuyerMaker":true,"isBestMatch":true},{"id":54627694,"price":"0.00446200","qty":"10.00000000","quoteQty":"0.04462000","time":1613578638914,"isBuyerMaker":true,"isBestMatch":true},{"id":54627695,"price":"0.00446200","qty":"10.00000000","quoteQty":"0.04462000","time":1613578638977,"isBuyerMaker":true,"isBestMatch":true},{"id":54627696,"price":"0.00446200","qty":"0.20000000","quoteQty":"0.00089240","time":1613578639037,"isBuyerMaker":true,"isBestMatch":true},{"id":54627697,"price":"0.00446200","qty":"0.35000000","quoteQty":"0.00156170","time":1613578639154,"isBuyerMaker":false,"isBestMatch":true},{"id":54627698,"price":"0.00446200","qty":"2.05000000","quoteQty":"0.00914710","time":1613578639154,"isBuyerMaker":false,"isBestMatch":true},{"id":54627699,"price":"0.00446200","qty":"14.24000000","quoteQty":"0.06353888","time":1613578639154,"isBuyerMaker":false,"isBestMatch":true},{"id":54627700,"price":"0.00446200","qty":"0.05000000","quoteQty":"0.00022310","time":1613578639221,"isBuyerMaker":false,"isBestMatch":true},{"id":54627701,"price":"0.00446100","qty":"0.08000000","quoteQty":"0.00035688","time":1613578640914,"isBuyerMaker":true,"isBestMatch":true},{"id":54627702,"price":"0.00446300","qty":"0.12000000","quoteQty":"0.00053556","time":1613578642915,"isBuyerMaker":true,"isBestMatch":true},{"id":54627703,"price":"0.00446300","qty":"0.63000000","quoteQty":"0.00281169","time":1613578643238,"isBuyerMaker":true,"isBestMatch":true},{"id":54627704,"price":"0.00446400","qty":"0.03000000","quoteQty":"0.00013392","time":1613578643602,"isBuyerMaker":false,"isBestMatch":true},{"id":54627705,"price":"0.00446700","qty":"0.20000000","quoteQty":"0.00089340","time":1613578645438,"isBuyerMaker":false,"isBestMatch":true},{"id":54627706,"price":"0.00446600","qty":"0.03000000","quoteQty":"0.00013398","time":1613578646573,"isBuyerMaker":true,"isBestMatch":true},{"id":54627707,"price":"0.00446600","qty":"17.00000000","quoteQty":"0.07592200","time":1613578647039,"isBuyerMaker":false,"isBestMatch":true},{"id":54627708,"price":"0.00446600","qty":"7.96000000","quoteQty":"0.03554936","time":1613578647039,"isBuyerMaker":false,"isBestMatch":true},{"id":54627709,"price":"0.00446600","qty":"20.80000000","quoteQty":"0.09289280","time":1613578647367,"isBuyerMaker":false,"isBestMatch":true},{"id":54627710,"price":"0.00446500","qty":"17.00000000","quoteQty":"0.07590500","time":1613578647709,"isBuyerMaker":false,"isBestMatch":true},{"id":54627711,"price":"0.00446500","qty":"5.00000000","quoteQty":"0.02232500","time":1613578648075,"isBuyerMaker":true,"isBestMatch":true},{"id":54627712,"price":"0.00446500","qty":"0.32000000","quoteQty":"0.00142880","time":1613578648513,"isBuyerMaker":true,"isBestMatch":true},{"id":54627713,"price":"0.00446500","qty":"0.39000000","quoteQty":"0.00174135","time":1613578648515,"isBuyerMaker":true,"isBestMatch":true},{"id":54627714,"price":"0.00446600","qty":"0.05000000","quoteQty":"0.00022330","time":1613578648524,"isBuyerMaker":false,"isBestMatch":true},{"id":54627715,"price":"0.00446500","qty":"2.25000000","quoteQty":"0.01004625","time":1613578648977,"isBuyerMaker":true,"isBestMatch":true},{"id":54627716,"price":"0.00446500","qty":"10.23000000","quoteQty":"0.04567695","time":1613578648977,"isBuyerMaker":true,"isBestMatch":true},{"id":54627717,"price":"0.00446500","qty":"6.41000000","quoteQty":"0.02862065","time":1613578649017,"isBuyerMaker":true,"isBestMatch":true},{"id":54627718,"price":"0.00446500","qty":"15.54000000","quoteQty":"0.06938610","time":1613578649017,"isBuyerMaker":true,"isBestMatch":true},{"id":54627719,"price":"0.00446500","qty":"9.42000000","quoteQty":"0.04206030","time":1613578649075,"isBuyerMaker":true,"isBestMatch":true},{"id":54627720,"price":"0.00446500","qty":"20.80000000","quoteQty":"0.09287200","time":1613578649075,"isBuyerMaker":true,"isBestMatch":true},{"id":54627721,"price":"0.00446500","qty":"4.57000000","quoteQty":"0.02040505","time":1613578651451,"isBuyerMaker":false,"isBestMatch":true},{"id":54627722,"price":"0.00446500","qty":"0.03000000","quoteQty":"0.00013395","time":1613578652249,"isBuyerMaker":false,"isBestMatch":true},{"id":54627723,"price":"0.00446400","qty":"3.29000000","quoteQty":"0.01468656","time":1613578654381,"isBuyerMaker":true,"isBestMatch":true},{"id":54627724,"price":"0.00446400","qty":"3.67000000","quoteQty":"0.01638288","time":1613578654752,"isBuyerMaker":true,"isBestMatch":true},{"id":54627725,"price":"0.00446400","qty":"4.75000000","quoteQty":"0.02120400","time":1613578654772,"isBuyerMaker":true,"isBestMatch":true},{"id":54627726,"price":"0.00446400","qty":"13.25000000","quoteQty":"0.05914800","time":1613578654797,"isBuyerMaker":true,"isBestMatch":true},{"id":54627727,"price":"0.00446400","qty":"9.41000000","quoteQty":"0.04200624","time":1613578654797,"isBuyerMaker":true,"isBestMatch":true},{"id":54627728,"price":"0.00446500","qty":"0.24000000","quoteQty":"0.00107160","time":1613578654891,"isBuyerMaker":false,"isBestMatch":true},{"id":54627729,"price":"0.00446400","qty":"0.67000000","quoteQty":"0.00299088","time":1613578654916,"isBuyerMaker":true,"isBestMatch":true},{"id":54627730,"price":"0.00446400","qty":"14.88000000","quoteQty":"0.06642432","time":1613578655015,"isBuyerMaker":true,"isBestMatch":true},{"id":54627731,"price":"0.00446400","qty":"16.64000000","quoteQty":"0.07428096","time":1613578655015,"isBuyerMaker":true,"isBestMatch":true},{"id":54627732,"price":"0.00446400","qty":"16.42000000","quoteQty":"0.07329888","time":1613578655015,"isBuyerMaker":true,"isBestMatch":true},{"id":54627733,"price":"0.00446400","qty":"4.38000000","quoteQty":"0.01955232","time":1613578655045,"isBuyerMaker":true,"isBestMatch":true},{"id":54627734,"price":"0.00446300","qty":"0.34000000","quoteQty":"0.00151742","time":1613578655448,"isBuyerMaker":true,"isBestMatch":true},{"id":54627735,"price":"0.00446300","qty":"4.58000000","quoteQty":"0.02044054","time":1613578656876,"isBuyerMaker":true,"isBestMatch":true},{"id":54627736,"price":"0.00446300","qty":"16.64000000","quoteQty":"0.07426432","time":1613578656876,"isBuyerMaker":true,"isBestMatch":true},{"id":54627737,"price":"0.00446300","qty":"24.96000000","quoteQty":"0.11139648","time":1613578656876,"isBuyerMaker":true,"isBestMatch":true},{"id":54627738,"price":"0.00446300","qty":"7.29000000","quoteQty":"0.03253527","time":1613578656876,"isBuyerMaker":true,"isBestMatch":true},{"id":54627739,"price":"0.00446300","qty":"2.75000000","quoteQty":"0.01227325","time":1613578656915,"isBuyerMaker":true,"isBestMatch":true},{"id":54627740,"price":"0.00446300","qty":"10.76000000","quoteQty":"0.04802188","time":1613578656955,"isBuyerMaker":true,"isBestMatch":true},{"id":54627741,"price":"0.00446300","qty":"24.96000000","quoteQty":"0.11139648","time":1613578656955,"isBuyerMaker":true,"isBestMatch":true},{"id":54627742,"price":"0.00446400","qty":"9.03000000","quoteQty":"0.04030992","time":1613578664036,"isBuyerMaker":true,"isBestMatch":true},{"id":54627743,"price":"0.00446500","qty":"0.07000000","quoteQty":"0.00031255","time":1613578664246,"isBuyerMaker":false,"isBestMatch":true},{"id":54627744,"price":"0.00446500","qty":"0.03000000","quoteQty":"0.00013395","time":1613578664371,"isBuyerMaker":false,"isBestMatch":true},{"id":54627745,"price":"0.00446500","qty":"1.80000000","quoteQty":"0.00803700","time":1613578665892,"isBuyerMaker":false,"isBestMatch":true},{"id":54627746,"price":"0.00446500","qty":"3.00000000","quoteQty":"0.01339500","time":1613578665892,"isBuyerMaker":false,"isBestMatch":true},{"id":54627747,"price":"0.00446700","qty":"0.23000000","quoteQty":"0.00102741","time":1613578666777,"isBuyerMaker":false,"isBestMatch":true},{"id":54627748,"price":"0.00446700","qty":"8.57000000","quoteQty":"0.03828219","time":1613578668072,"isBuyerMaker":false,"isBestMatch":true},{"id":54627749,"price":"0.00446700","qty":"0.04000000","quoteQty":"0.00017868","time":1613578668072,"isBuyerMaker":false,"isBestMatch":true},{"id":54627750,"price":"0.00446700","qty":"3.84000000","quoteQty":"0.01715328","time":1613578668072,"isBuyerMaker":false,"isBestMatch":true},{"id":54627751,"price":"0.00446700","qty":"0.13000000","quoteQty":"0.00058071","time":1613578668137,"isBuyerMaker":true,"isBestMatch":true},{"id":54627752,"price":"0.00446900","qty":"0.03000000","quoteQty":"0.00013407","time":1613578668600,"isBuyerMaker":false,"isBestMatch":true},{"id":54627753,"price":"0.00446900","qty":"0.07000000","quoteQty":"0.00031283","time":1613578668600,"isBuyerMaker":false,"isBestMatch":true},{"id":54627754,"price":"0.00446700","qty":"0.95000000","quoteQty":"0.00424365","time":1613578670823,"isBuyerMaker":true,"isBestMatch":true},{"id":54627755,"price":"0.00446900","qty":"0.26000000","quoteQty":"0.00116194","time":1613578671343,"isBuyerMaker":true,"isBestMatch":true},{"id":54627756,"price":"0.00447000","qty":"0.22000000","quoteQty":"0.00098340","time":1613578671699,"isBuyerMaker":false,"isBestMatch":true},{"id":54627757,"price":"0.00446800","qty":"5.00000000","quoteQty":"0.02234000","time":1613578673454,"isBuyerMaker":true,"isBestMatch":true},{"id":54627758,"price":"0.00446800","qty":"2.78000000","quoteQty":"0.01242104","time":1613578673780,"isBuyerMaker":true,"isBestMatch":true},{"id":54627759,"price":"0.00446800","qty":"0.10000000","quoteQty":"0.00044680","time":1613578673838,"isBuyerMaker":true,"isBestMatch":true},{"id":54627760,"price":"0.00446800","qty":"0.04000000","quoteQty":"0.00017872","time":1613578674392,"isBuyerMaker":true,"isBestMatch":true},{"id":54627761,"price":"0.00446700","qty":"5.07000000","quoteQty":"0.02264769","time":1613578676956,"isBuyerMaker":true,"isBestMatch":true},{"id":54627762,"price":"0.00446700","qty":"0.10000000","quoteQty":"0.00044670","time":1613578676999,"isBuyerMaker":true,"isBestMatch":true},{"id":54627763,"price":"0.00446700","qty":"0.10000000","quoteQty":"0.00044670","time":1613578677042,"isBuyerMaker":true,"isBestMatch":true},{"id":54627764,"price":"0.00446700","qty":"0.68000000","quoteQty":"0.00303756","time":1613578677314,"isBuyerMaker":true,"isBestMatch":true},{"id":54627765,"price":"0.00446600","qty":"0.57000000","quoteQty":"0.00254562","time":1613578679457,"isBuyerMaker":true,"isBestMatch":true},{"id":54627766,"price":"0.00446600","qty":"20.00000000","quoteQty":"0.08932000","time":1613578679491,"isBuyerMaker":true,"isBestMatch":true},{"id":54627767,"price":"0.00446600","qty":"0.22000000","quoteQty":"0.00098252","time":1613578679581,"isBuyerMaker":true,"isBestMatch":true},{"id":54627768,"price":"0.00446600","qty":"9.78000000","quoteQty":"0.04367748","time":1613578679581,"isBuyerMaker":true,"isBestMatch":true},{"id":54627769,"price":"0.00446600","qty":"6.01000000","quoteQty":"0.02684066","time":1613578679615,"isBuyerMaker":true,"isBestMatch":true},{"id":54627770,"price":"0.00446600","qty":"0.16000000","quoteQty":"0.00071456","time":1613578679716,"isBuyerMaker":true,"isBestMatch":true},{"id":54627771,"price":"0.00446700","qty":"0.17000000","quoteQty":"0.00075939","time":1613578680151,"isBuyerMaker":false,"isBestMatch":true},{"id":54627772,"price":"0.00446600","qty":"8.99000000","quoteQty":"0.04014934","time":1613578680542,"isBuyerMaker":true,"isBestMatch":true},{"id":54627773,"price":"0.00446500","qty":"0.57000000","quoteQty":"0.00254505","time":1613578680624,"isBuyerMaker":true,"isBestMatch":true},{"id":54627774,"price":"0.00446600","qty":"7.49000000","quoteQty":"0.03345034","time":1613578680757,"isBuyerMaker":false,"isBestMatch":true},{"id":54627775,"price":"0.00446600","qty":"0.88000000","quoteQty":"0.00393008","time":1613578681141,"isBuyerMaker":true,"isBestMatch":true},{"id":54627776,"price":"0.00446600","qty":"12.42000000","quoteQty":"0.05546772","time":1613578681178,"isBuyerMaker":true,"isBestMatch":true},{"id":54627777,"price":"0.00446600","qty":"1.93000000","quoteQty":"0.00861938","time":1613578682233,"isBuyerMaker":false,"isBestMatch":true},{"id":54627778,"price":"0.00446600","qty":"0.15000000","quoteQty":"0.00066990","time":1613578682276,"isBuyerMaker":true,"isBestMatch":true},{"id":54627779,"price":"0.00446800","qty":"1.34000000","quoteQty":"0.00598712","time":1613578683309,"isBuyerMaker":false,"isBestMatch":true},{"id":54627780,"price":"0.00446600","qty":"1.93000000","quoteQty":"0.00861938","time":1613578683850,"isBuyerMaker":true,"isBestMatch":true},{"id":54627781,"price":"0.00446600","qty":"7.19000000","quoteQty":"0.03211054","time":1613578685870,"isBuyerMaker":true,"isBestMatch":true},{"id":54627782,"price":"0.00446600","qty":"24.95000000","quoteQty":"0.11142670","time":1613578686198,"isBuyerMaker":true,"isBestMatch":true},{"id":54627783,"price":"0.00446600","qty":"20.79000000","quoteQty":"0.09284814","time":1613578686198,"isBuyerMaker":true,"isBestMatch":true},{"id":54627784,"price":"0.00446600","qty":"4.28000000","quoteQty":"0.01911448","time":1613578686198,"isBuyerMaker":true,"isBestMatch":true},{"id":54627785,"price":"0.00446600","qty":"12.35000000","quoteQty":"0.05515510","time":1613578686256,"isBuyerMaker":true,"isBestMatch":true},{"id":54627786,"price":"0.00446600","qty":"0.38000000","quoteQty":"0.00169708","time":1613578686256,"isBuyerMaker":true,"isBestMatch":true},{"id":54627787,"price":"0.00446500","qty":"0.10000000","quoteQty":"0.00044650","time":1613578686525,"isBuyerMaker":true,"isBestMatch":true},{"id":54627788,"price":"0.00446500","qty":"1.30000000","quoteQty":"0.00580450","time":1613578686679,"isBuyerMaker":true,"isBestMatch":true},{"id":54627789,"price":"0.00446500","qty":"17.00000000","quoteQty":"0.07590500","time":1613578686679,"isBuyerMaker":true,"isBestMatch":true},{"id":54627790,"price":"0.00446500","qty":"1.31000000","quoteQty":"0.00584915","time":1613578686679,"isBuyerMaker":true,"isBestMatch":true},{"id":54627791,"price":"0.00446500","qty":"12.46000000","quoteQty":"0.05563390","time":1613578686719,"isBuyerMaker":true,"isBestMatch":true},{"id":54627792,"price":"0.00446400","qty":"0.59000000","quoteQty":"0.00263376","time":1613578686849,"isBuyerMaker":true,"isBestMatch":true},{"id":54627793,"price":"0.00446500","qty":"17.00000000","quoteQty":"0.07590500","time":1613578686953,"isBuyerMaker":true,"isBestMatch":true},{"id":54627794,"price":"0.00446500","qty":"4.93000000","quoteQty":"0.02201245","time":1613578687018,"isBuyerMaker":true,"isBestMatch":true},{"id":54627795,"price":"0.00446500","qty":"12.07000000","quoteQty":"0.05389255","time":1613578687082,"isBuyerMaker":true,"isBestMatch":true},{"id":54627796,"price":"0.00446500","qty":"30.00000000","quoteQty":"0.13395000","time":1613578688324,"isBuyerMaker":true,"isBestMatch":true},{"id":54627797,"price":"0.00446700","qty":"0.20000000","quoteQty":"0.00089340","time":1613578689298,"isBuyerMaker":false,"isBestMatch":true},{"id":54627798,"price":"0.00446600","qty":"8.95000000","quoteQty":"0.03997070","time":1613578690858,"isBuyerMaker":true,"isBestMatch":true},{"id":54627799,"price":"0.00446500","qty":"4.77000000","quoteQty":"0.02129805","time":1613578690900,"isBuyerMaker":true,"isBestMatch":true},{"id":54627800,"price":"0.00446500","qty":"15.61000000","quoteQty":"0.06969865","time":1613578691015,"isBuyerMaker":true,"isBestMatch":true},{"id":54627801,"price":"0.00446500","qty":"2.20000000","quoteQty":"0.00982300","time":1613578691038,"isBuyerMaker":true,"isBestMatch":true},{"id":54627802,"price":"0.00446500","qty":"2.37000000","quoteQty":"0.01058205","time":1613578691076,"isBuyerMaker":true,"isBestMatch":true},{"id":54627803,"price":"0.00446400","qty":"2.20000000","quoteQty":"0.00982080","time":1613578692711,"isBuyerMaker":true,"isBestMatch":true},{"id":54627804,"price":"0.00446400","qty":"4.58000000","quoteQty":"0.02044512","time":1613578694478,"isBuyerMaker":true,"isBestMatch":true},{"id":54627805,"price":"0.00446500","qty":"2.42000000","quoteQty":"0.01080530","time":1613578696343,"isBuyerMaker":true,"isBestMatch":true},{"id":54627806,"price":"0.00446500","qty":"14.05000000","quoteQty":"0.06273325","time":1613578698778,"isBuyerMaker":true,"isBestMatch":true},{"id":54627807,"price":"0.00446500","qty":"1.07000000","quoteQty":"0.00477755","time":1613578698778,"isBuyerMaker":true,"isBestMatch":true},{"id":54627808,"price":"0.00446500","qty":"1.93000000","quoteQty":"0.00861745","time":1613578699012,"isBuyerMaker":true,"isBestMatch":true},{"id":54627809,"price":"0.00446600","qty":"0.06000000","quoteQty":"0.00026796","time":1613578700821,"isBuyerMaker":false,"isBestMatch":true},{"id":54627810,"price":"0.00446500","qty":"3.24000000","quoteQty":"0.01446660","time":1613578701676,"isBuyerMaker":true,"isBestMatch":true},{"id":54627811,"price":"0.00446300","qty":"8.83000000","quoteQty":"0.03940829","time":1613578701716,"isBuyerMaker":true,"isBestMatch":true},{"id":54627812,"price":"0.00446600","qty":"0.06000000","quoteQty":"0.00026796","time":1613578704865,"isBuyerMaker":false,"isBestMatch":true},{"id":54627813,"price":"0.00446400","qty":"0.17000000","quoteQty":"0.00075888","time":1613578705445,"isBuyerMaker":true,"isBestMatch":true},{"id":54627814,"price":"0.00446400","qty":"0.39000000","quoteQty":"0.00174096","time":1613578710620,"isBuyerMaker":true,"isBestMatch":true},{"id":54627815,"price":"0.00446600","qty":"0.06000000","quoteQty":"0.00026796","time":1613578718317,"isBuyerMaker":false,"isBestMatch":true},{"id":54627816,"price":"0.00446600","qty":"0.26000000","quoteQty":"0.00116116","time":1613578718805,"isBuyerMaker":false,"isBestMatch":true},{"id":54627817,"price":"0.00446600","qty":"3.63000000","quoteQty":"0.01621158","time":1613578718805,"isBuyerMaker":false,"isBestMatch":true},{"id":54627818,"price":"0.00446600","qty":"3.58000000","quoteQty":"0.01598828","time":1613578718970,"isBuyerMaker":false,"isBestMatch":true},{"id":54627819,"price":"0.00446500","qty":"1.40000000","quoteQty":"0.00625100","time":1613578720273,"isBuyerMaker":true,"isBestMatch":true},{"id":54627820,"price":"0.00446500","qty":"10.00000000","quoteQty":"0.04465000","time":1613578720751,"isBuyerMaker":true,"isBestMatch":true},{"id":54627821,"price":"0.00446500","qty":"9.40000000","quoteQty":"0.04197100","time":1613578720773,"isBuyerMaker":true,"isBestMatch":true},{"id":54627822,"price":"0.00446500","qty":"0.60000000","quoteQty":"0.00267900","time":1613578720773,"isBuyerMaker":true,"isBestMatch":true},{"id":54627823,"price":"0.00446600","qty":"5.21000000","quoteQty":"0.02326786","time":1613578720813,"isBuyerMaker":false,"isBestMatch":true},{"id":54627824,"price":"0.00446600","qty":"2.99000000","quoteQty":"0.01335334","time":1613578721930,"isBuyerMaker":false,"isBestMatch":true},{"id":54627825,"price":"0.00446500","qty":"0.09000000","quoteQty":"0.00040185","time":1613578722242,"isBuyerMaker":true,"isBestMatch":true},{"id":54627826,"price":"0.00446600","qty":"0.91000000","quoteQty":"0.00406406","time":1613578722433,"isBuyerMaker":false,"isBestMatch":true},{"id":54627827,"price":"0.00446500","qty":"15.95000000","quoteQty":"0.07121675","time":1613578722460,"isBuyerMaker":true,"isBestMatch":true},{"id":54627828,"price":"0.00446500","qty":"12.99000000","quoteQty":"0.05800035","time":1613578722460,"isBuyerMaker":true,"isBestMatch":true},{"id":54627829,"price":"0.00446600","qty":"1.11000000","quoteQty":"0.00495726","time":1613578722710,"isBuyerMaker":false,"isBestMatch":true},{"id":54627830,"price":"0.00446500","qty":"1.79000000","quoteQty":"0.00799235","time":1613578725775,"isBuyerMaker":true,"isBestMatch":true},{"id":54627831,"price":"0.00446500","qty":"1.43000000","quoteQty":"0.00638495","time":1613578729629,"isBuyerMaker":true,"isBestMatch":true},{"id":54627832,"price":"0.00446500","qty":"8.75000000","quoteQty":"0.03906875","time":1613578729648,"isBuyerMaker":true,"isBestMatch":true},{"id":54627833,"price":"0.00446500","qty":"24.96000000","quoteQty":"0.11144640","time":1613578729648,"isBuyerMaker":true,"isBestMatch":true},{"id":54627834,"price":"0.00446500","qty":"15.25000000","quoteQty":"0.06809125","time":1613578729648,"isBuyerMaker":true,"isBestMatch":true},{"id":54627835,"price":"0.00446500","qty":"5.55000000","quoteQty":"0.02478075","time":1613578729651,"isBuyerMaker":true,"isBestMatch":true},{"id":54627836,"price":"0.00446500","qty":"8.29000000","quoteQty":"0.03701485","time":1613578729651,"isBuyerMaker":true,"isBestMatch":true},{"id":54627837,"price":"0.00446500","qty":"8.35000000","quoteQty":"0.03728275","time":1613578729659,"isBuyerMaker":true,"isBestMatch":true},{"id":54627838,"price":"0.00446400","qty":"2.00000000","quoteQty":"0.00892800","time":1613578729659,"isBuyerMaker":true,"isBestMatch":true},{"id":54627839,"price":"0.00446300","qty":"3.50000000","quoteQty":"0.01562050","time":1613578729659,"isBuyerMaker":true,"isBestMatch":true},{"id":54627840,"price":"0.00446200","qty":"3.84000000","quoteQty":"0.01713408","time":1613578729659,"isBuyerMaker":true,"isBestMatch":true},{"id":54627841,"price":"0.00446200","qty":"0.55000000","quoteQty":"0.00245410","time":1613578729659,"isBuyerMaker":true,"isBestMatch":true},{"id":54627842,"price":"0.00446100","qty":"19.60000000","quoteQty":"0.08743560","time":1613578729659,"isBuyerMaker":true,"isBestMatch":true},{"id":54627843,"price":"0.00446000","qty":"7.86000000","quoteQty":"0.03505560","time":1613578729659,"isBuyerMaker":true,"isBestMatch":true},{"id":54627844,"price":"0.00446000","qty":"9.80000000","quoteQty":"0.04370800","time":1613578729659,"isBuyerMaker":true,"isBestMatch":true},{"id":54627845,"price":"0.00446400","qty":"1.13000000","quoteQty":"0.00504432","time":1613578729870,"isBuyerMaker":false,"isBestMatch":true},{"id":54627846,"price":"0.00446500","qty":"3.14000000","quoteQty":"0.01402010","time":1613578735374,"isBuyerMaker":false,"isBestMatch":true},{"id":54627847,"price":"0.00446500","qty":"3.03000000","quoteQty":"0.01352895","time":1613578735374,"isBuyerMaker":false,"isBestMatch":true},{"id":54627848,"price":"0.00446500","qty":"1.32000000","quoteQty":"0.00589380","time":1613578736230,"isBuyerMaker":false,"isBestMatch":true},{"id":54627849,"price":"0.00446400","qty":"0.23000000","quoteQty":"0.00102672","time":1613578738650,"isBuyerMaker":true,"isBestMatch":true},{"id":54627850,"price":"0.00446400","qty":"8.84000000","quoteQty":"0.03946176","time":1613578743895,"isBuyerMaker":true,"isBestMatch":true},{"id":54627851,"price":"0.00446400","qty":"7.57000000","quoteQty":"0.03379248","time":1613578744033,"isBuyerMaker":true,"isBestMatch":true},{"id":54627852,"price":"0.00446400","qty":"20.80000000","quoteQty":"0.09285120","time":1613578744033,"isBuyerMaker":true,"isBestMatch":true},{"id":54627853,"price":"0.00446400","qty":"24.96000000","quoteQty":"0.11142144","time":1613578744033,"isBuyerMaker":true,"isBestMatch":true},{"id":54627854,"price":"0.00446400","qty":"7.47000000","quoteQty":"0.03334608","time":1613578744033,"isBuyerMaker":true,"isBestMatch":true},{"id":54627855,"price":"0.00446400","qty":"2.00000000","quoteQty":"0.00892800","time":1613578748041,"isBuyerMaker":true,"isBestMatch":true},{"id":54627856,"price":"0.00446500","qty":"0.44000000","quoteQty":"0.00196460","time":1613578748431,"isBuyerMaker":false,"isBestMatch":true},{"id":54627857,"price":"0.00446400","qty":"0.05000000","quoteQty":"0.00022320","time":1613578750711,"isBuyerMaker":true,"isBestMatch":true},{"id":54627858,"price":"0.00446400","qty":"0.01000000","quoteQty":"0.00004464","time":1613578750711,"isBuyerMaker":true,"isBestMatch":true},{"id":54627859,"price":"0.00446500","qty":"0.65000000","quoteQty":"0.00290225","time":1613578756452,"isBuyerMaker":false,"isBestMatch":true},{"id":54627860,"price":"0.00446500","qty":"0.14000000","quoteQty":"0.00062510","time":1613578757273,"isBuyerMaker":false,"isBestMatch":true},{"id":54627861,"price":"0.00446400","qty":"2.20000000","quoteQty":"0.00982080","time":1613578757515,"isBuyerMaker":true,"isBestMatch":true},{"id":54627862,"price":"0.00446400","qty":"21.49000000","quoteQty":"0.09593136","time":1613578758129,"isBuyerMaker":true,"isBestMatch":true},{"id":54627863,"price":"0.00446500","qty":"20.80000000","quoteQty":"0.09287200","time":1613578758509,"isBuyerMaker":false,"isBestMatch":true},{"id":54627864,"price":"0.00446300","qty":"5.95000000","quoteQty":"0.02655485","time":1613578759261,"isBuyerMaker":true,"isBestMatch":true},{"id":54627865,"price":"0.00446300","qty":"9.05000000","quoteQty":"0.04039015","time":1613578759261,"isBuyerMaker":true,"isBestMatch":true},{"id":54627866,"price":"0.00446400","qty":"0.05000000","quoteQty":"0.00022320","time":1613578760695,"isBuyerMaker":false,"isBestMatch":true},{"id":54627867,"price":"0.00446300","qty":"15.90000000","quoteQty":"0.07096170","time":1613578761178,"isBuyerMaker":true,"isBestMatch":true},{"id":54627868,"price":"0.00446300","qty":"16.64000000","quoteQty":"0.07426432","time":1613578761178,"isBuyerMaker":true,"isBestMatch":true},{"id":54627869,"price":"0.00446300","qty":"20.80000000","quoteQty":"0.09283040","time":1613578761178,"isBuyerMaker":true,"isBestMatch":true},{"id":54627870,"price":"0.00446300","qty":"19.57000000","quoteQty":"0.08734091","time":1613578761178,"isBuyerMaker":true,"isBestMatch":true},{"id":54627871,"price":"0.00446300","qty":"1.71000000","quoteQty":"0.00763173","time":1613578761240,"isBuyerMaker":true,"isBestMatch":true},{"id":54627872,"price":"0.00446300","qty":"5.25000000","quoteQty":"0.02343075","time":1613578765309,"isBuyerMaker":false,"isBestMatch":true},{"id":54627873,"price":"0.00446300","qty":"4.85000000","quoteQty":"0.02164555","time":1613578765347,"isBuyerMaker":false,"isBestMatch":true},{"id":54627874,"price":"0.00446300","qty":"10.00000000","quoteQty":"0.04463000","time":1613578765385,"isBuyerMaker":false,"isBestMatch":true},{"id":54627875,"price":"0.00446200","qty":"0.22000000","quoteQty":"0.00098164","time":1613578766757,"isBuyerMaker":true,"isBestMatch":true},{"id":54627876,"price":"0.00446200","qty":"17.00000000","quoteQty":"0.07585400","time":1613578769638,"isBuyerMaker":true,"isBestMatch":true},{"id":54627877,"price":"0.00446200","qty":"5.65000000","quoteQty":"0.02521030","time":1613578769638,"isBuyerMaker":true,"isBestMatch":true},{"id":54627878,"price":"0.00446300","qty":"1.79000000","quoteQty":"0.00798877","time":1613578770472,"isBuyerMaker":false,"isBestMatch":true},{"id":54627879,"price":"0.00446300","qty":"1.05000000","quoteQty":"0.00468615","time":1613578772554,"isBuyerMaker":false,"isBestMatch":true},{"id":54627880,"price":"0.00446200","qty":"1.01000000","quoteQty":"0.00450662","time":1613578773876,"isBuyerMaker":false,"isBestMatch":true},{"id":54627881,"price":"0.00446200","qty":"0.27000000","quoteQty":"0.00120474","time":1613578774266,"isBuyerMaker":false,"isBestMatch":true},{"id":54627882,"price":"0.00446200","qty":"0.38000000","quoteQty":"0.00169556","time":1613578774266,"isBuyerMaker":false,"isBestMatch":true},{"id":54627883,"price":"0.00446100","qty":"17.00000000","quoteQty":"0.07583700","time":1613578776302,"isBuyerMaker":true,"isBestMatch":true},{"id":54627884,"price":"0.00446100","qty":"30.00000000","quoteQty":"0.13383000","time":1613578776302,"isBuyerMaker":true,"isBestMatch":true},{"id":54627885,"price":"0.00446100","qty":"17.00000000","quoteQty":"0.07583700","time":1613578776359,"isBuyerMaker":true,"isBestMatch":true},{"id":54627886,"price":"0.00446000","qty":"0.10000000","quoteQty":"0.00044600","time":1613578776514,"isBuyerMaker":true,"isBestMatch":true},{"id":54627887,"price":"0.00446400","qty":"16.05000000","quoteQty":"0.07164720","time":1613578782079,"isBuyerMaker":true,"isBestMatch":true},{"id":54627888,"price":"0.00446400","qty":"3.10000000","quoteQty":"0.01383840","time":1613578782079,"isBuyerMaker":true,"isBestMatch":true},{"id":54627889,"price":"0.00446300","qty":"0.04000000","quoteQty":"0.00017852","time":1613578789224,"isBuyerMaker":true,"isBestMatch":true},{"id":54627890,"price":"0.00446600","qty":"0.06000000","quoteQty":"0.00026796","time":1613578789595,"isBuyerMaker":false,"isBestMatch":true},{"id":54627891,"price":"0.00446600","qty":"1.85000000","quoteQty":"0.00826210","time":1613578789595,"isBuyerMaker":false,"isBestMatch":true},{"id":54627892,"price":"0.00446700","qty":"1.83000000","quoteQty":"0.00817461","time":1613578791195,"isBuyerMaker":true,"isBestMatch":true},{"id":54627893,"price":"0.00446700","qty":"6.01000000","quoteQty":"0.02684667","time":1613578791300,"isBuyerMaker":true,"isBestMatch":true},{"id":54627894,"price":"0.00446800","qty":"0.65000000","quoteQty":"0.00290420","time":1613578791688,"isBuyerMaker":false,"isBestMatch":true},{"id":54627895,"price":"0.00446800","qty":"0.29000000","quoteQty":"0.00129572","time":1613578792389,"isBuyerMaker":false,"isBestMatch":true},{"id":54627896,"price":"0.00446700","qty":"0.06000000","quoteQty":"0.00026802","time":1613578794392,"isBuyerMaker":false,"isBestMatch":true},{"id":54627897,"price":"0.00446600","qty":"0.10000000","quoteQty":"0.00044660","time":1613578795737,"isBuyerMaker":false,"isBestMatch":true},{"id":54627898,"price":"0.00446500","qty":"6.14000000","quoteQty":"0.02741510","time":1613578795931,"isBuyerMaker":true,"isBestMatch":true},{"id":54627899,"price":"0.00446500","qty":"0.10000000","quoteQty":"0.00044650","time":1613578795997,"isBuyerMaker":true,"isBestMatch":true},{"id":54627900,"price":"0.00446600","qty":"3.71000000","quoteQty":"0.01656886","time":1613578797572,"isBuyerMaker":false,"isBestMatch":true},{"id":54627901,"price":"0.00446600","qty":"0.74000000","quoteQty":"0.00330484","time":1613578797799,"isBuyerMaker":true,"isBestMatch":true},{"id":54627902,"price":"0.00446700","qty":"4.98000000","quoteQty":"0.02224566","time":1613578799153,"isBuyerMaker":false,"isBestMatch":true},{"id":54627903,"price":"0.00446600","qty":"1.77000000","quoteQty":"0.00790482","time":1613578800179,"isBuyerMaker":true,"isBestMatch":true},{"id":54627904,"price":"0.00446600","qty":"13.36000000","quoteQty":"0.05966576","time":1613578800236,"isBuyerMaker":true,"isBestMatch":true},{"id":54627905,"price":"0.00446800","qty":"0.86000000","quoteQty":"0.00384248","time":1613578800378,"isBuyerMaker":false,"isBestMatch":true},{"id":54627906,"price":"0.00446700","qty":"4.57000000","quoteQty":"0.02041419","time":1613578801631,"isBuyerMaker":false,"isBestMatch":true},{"id":54627907,"price":"0.00446700","qty":"0.20000000","quoteQty":"0.00089340","time":1613578802144,"isBuyerMaker":true,"isBestMatch":true},{"id":54627908,"price":"0.00446900","qty":"0.06000000","quoteQty":"0.00026814","time":1613578802736,"isBuyerMaker":false,"isBestMatch":true},{"id":54627909,"price":"0.00446900","qty":"0.61000000","quoteQty":"0.00272609","time":1613578802736,"isBuyerMaker":false,"isBestMatch":true},{"id":54627910,"price":"0.00446800","qty":"3.49000000","quoteQty":"0.01559332","time":1613578803333,"isBuyerMaker":false,"isBestMatch":true},{"id":54627911,"price":"0.00446800","qty":"2.08000000","quoteQty":"0.00929344","time":1613578803487,"isBuyerMaker":false,"isBestMatch":true},{"id":54627912,"price":"0.00446900","qty":"0.16000000","quoteQty":"0.00071504","time":1613578803832,"isBuyerMaker":false,"isBestMatch":true},{"id":54627913,"price":"0.00446900","qty":"0.17000000","quoteQty":"0.00075973","time":1613578803971,"isBuyerMaker":false,"isBestMatch":true},{"id":54627914,"price":"0.00446900","qty":"0.16000000","quoteQty":"0.00071504","time":1613578804012,"isBuyerMaker":false,"isBestMatch":true},{"id":54627915,"price":"0.00446900","qty":"0.13000000","quoteQty":"0.00058097","time":1613578804049,"isBuyerMaker":false,"isBestMatch":true},{"id":54627916,"price":"0.00446900","qty":"0.25000000","quoteQty":"0.00111725","time":1613578804170,"isBuyerMaker":false,"isBestMatch":true},{"id":54627917,"price":"0.00446900","qty":"6.34000000","quoteQty":"0.02833346","time":1613578804250,"isBuyerMaker":false,"isBestMatch":true},{"id":54627918,"price":"0.00446800","qty":"0.07000000","quoteQty":"0.00031276","time":1613578804497,"isBuyerMaker":true,"isBestMatch":true},{"id":54627919,"price":"0.00446900","qty":"5.42000000","quoteQty":"0.02422198","time":1613578808515,"isBuyerMaker":false,"isBestMatch":true},{"id":54627920,"price":"0.00446700","qty":"0.05000000","quoteQty":"0.00022335","time":1613578808706,"isBuyerMaker":true,"isBestMatch":true},{"id":54627921,"price":"0.00446700","qty":"3.30000000","quoteQty":"0.01474110","time":1613578811682,"isBuyerMaker":true,"isBestMatch":true},{"id":54627922,"price":"0.00446900","qty":"0.28000000","quoteQty":"0.00125132","time":1613578812891,"isBuyerMaker":false,"isBestMatch":true},{"id":54627923,"price":"0.00446900","qty":"10.00000000","quoteQty":"0.04469000","time":1613578816977,"isBuyerMaker":true,"isBestMatch":true},{"id":54627924,"price":"0.00446800","qty":"7.86000000","quoteQty":"0.03511848","time":1613578819017,"isBuyerMaker":true,"isBestMatch":true},{"id":54627925,"price":"0.00446800","qty":"11.39000000","quoteQty":"0.05089052","time":1613578819017,"isBuyerMaker":true,"isBestMatch":true},{"id":54627926,"price":"0.00446900","qty":"3.92000000","quoteQty":"0.01751848","time":1613578821013,"isBuyerMaker":true,"isBestMatch":true},{"id":54627927,"price":"0.00446800","qty":"15.33000000","quoteQty":"0.06849444","time":1613578821013,"isBuyerMaker":true,"isBestMatch":true},{"id":54627928,"price":"0.00446800","qty":"0.04000000","quoteQty":"0.00017872","time":1613578821769,"isBuyerMaker":true,"isBestMatch":true},{"id":54627929,"price":"0.00446800","qty":"3.24000000","quoteQty":"0.01447632","time":1613578822012,"isBuyerMaker":true,"isBestMatch":true},{"id":54627930,"price":"0.00446700","qty":"16.01000000","quoteQty":"0.07151667","time":1613578822012,"isBuyerMaker":true,"isBestMatch":true},{"id":54627931,"price":"0.00447000","qty":"6.85000000","quoteQty":"0.03061950","time":1613578824784,"isBuyerMaker":false,"isBestMatch":true},{"id":54627932,"price":"0.00447000","qty":"9.88000000","quoteQty":"0.04416360","time":1613578824805,"isBuyerMaker":false,"isBestMatch":true},{"id":54627933,"price":"0.00447000","qty":"4.41000000","quoteQty":"0.01971270","time":1613578825127,"isBuyerMaker":false,"isBestMatch":true},{"id":54627934,"price":"0.00447000","qty":"14.42000000","quoteQty":"0.06445740","time":1613578825245,"isBuyerMaker":false,"isBestMatch":true},{"id":54627935,"price":"0.00447100","qty":"0.04000000","quoteQty":"0.00017884","time":1613578825504,"isBuyerMaker":false,"isBestMatch":true},{"id":54627936,"price":"0.00447100","qty":"0.03000000","quoteQty":"0.00013413","time":1613578825504,"isBuyerMaker":false,"isBestMatch":true},{"id":54627937,"price":"0.00447100","qty":"3.69000000","quoteQty":"0.01649799","time":1613578827305,"isBuyerMaker":true,"isBestMatch":true},{"id":54627938,"price":"0.00447200","qty":"0.05000000","quoteQty":"0.00022360","time":1613578827486,"isBuyerMaker":false,"isBestMatch":true},{"id":54627939,"price":"0.00447200","qty":"0.33000000","quoteQty":"0.00147576","time":1613578827486,"isBuyerMaker":false,"isBestMatch":true},{"id":54627940,"price":"0.00447300","qty":"2.99000000","quoteQty":"0.01337427","time":1613578827658,"isBuyerMaker":false,"isBestMatch":true},{"id":54627941,"price":"0.00447300","qty":"1.61000000","quoteQty":"0.00720153","time":1613578829669,"isBuyerMaker":false,"isBestMatch":true},{"id":54627942,"price":"0.00447400","qty":"1.38000000","quoteQty":"0.00617412","time":1613578829669,"isBuyerMaker":false,"isBestMatch":true},{"id":54627943,"price":"0.00447300","qty":"2.99000000","quoteQty":"0.01337427","time":1613578831683,"isBuyerMaker":false,"isBestMatch":true},{"id":54627944,"price":"0.00447300","qty":"1.35000000","quoteQty":"0.00603855","time":1613578833702,"isBuyerMaker":false,"isBestMatch":true},{"id":54627945,"price":"0.00447100","qty":"0.12000000","quoteQty":"0.00053652","time":1613578842656,"isBuyerMaker":true,"isBestMatch":true},{"id":54627946,"price":"0.00447000","qty":"0.45000000","quoteQty":"0.00201150","time":1613578844314,"isBuyerMaker":true,"isBestMatch":true},{"id":54627947,"price":"0.00447000","qty":"5.00000000","quoteQty":"0.02235000","time":1613578844450,"isBuyerMaker":true,"isBestMatch":true},{"id":54627948,"price":"0.00447000","qty":"5.00000000","quoteQty":"0.02235000","time":1613578844816,"isBuyerMaker":true,"isBestMatch":true},{"id":54627949,"price":"0.00447000","qty":"19.55000000","quoteQty":"0.08738850","time":1613578844856,"isBuyerMaker":true,"isBestMatch":true},{"id":54627950,"price":"0.00447000","qty":"15.19000000","quoteQty":"0.06789930","time":1613578845353,"isBuyerMaker":true,"isBestMatch":true},{"id":54627951,"price":"0.00447100","qty":"0.52000000","quoteQty":"0.00232492","time":1613578855005,"isBuyerMaker":false,"isBestMatch":true},{"id":54627952,"price":"0.00447000","qty":"5.00000000","quoteQty":"0.02235000","time":1613578855617,"isBuyerMaker":true,"isBestMatch":true},{"id":54627953,"price":"0.00447000","qty":"1.49000000","quoteQty":"0.00666030","time":1613578855636,"isBuyerMaker":true,"isBestMatch":true},{"id":54627954,"price":"0.00446800","qty":"1.49000000","quoteQty":"0.00665732","time":1613578855654,"isBuyerMaker":true,"isBestMatch":true},{"id":54627955,"price":"0.00447000","qty":"30.00000000","quoteQty":"0.13410000","time":1613578857170,"isBuyerMaker":false,"isBestMatch":true},{"id":54627956,"price":"0.00447000","qty":"17.00000000","quoteQty":"0.07599000","time":1613578857170,"isBuyerMaker":false,"isBestMatch":true},{"id":54627957,"price":"0.00447100","qty":"30.00000000","quoteQty":"0.13413000","time":1613578857170,"isBuyerMaker":false,"isBestMatch":true},{"id":54627958,"price":"0.00447200","qty":"41.61000000","quoteQty":"0.18607992","time":1613578857183,"isBuyerMaker":true,"isBestMatch":true},{"id":54627959,"price":"0.00447200","qty":"17.09000000","quoteQty":"0.07642648","time":1613578857191,"isBuyerMaker":true,"isBestMatch":true},{"id":54627960,"price":"0.00447200","qty":"15.69000000","quoteQty":"0.07016568","time":1613578857197,"isBuyerMaker":true,"isBestMatch":true},{"id":54627961,"price":"0.00447200","qty":"14.36000000","quoteQty":"0.06421792","time":1613578857198,"isBuyerMaker":true,"isBestMatch":true},{"id":54627962,"price":"0.00447200","qty":"13.34000000","quoteQty":"0.05965648","time":1613578857220,"isBuyerMaker":true,"isBestMatch":true},{"id":54627963,"price":"0.00447200","qty":"0.10000000","quoteQty":"0.00044720","time":1613578857260,"isBuyerMaker":true,"isBestMatch":true},{"id":54627964,"price":"0.00447200","qty":"0.10000000","quoteQty":"0.00044720","time":1613578857296,"isBuyerMaker":true,"isBestMatch":true},{"id":54627965,"price":"0.00447200","qty":"0.75000000","quoteQty":"0.00335400","time":1613578857335,"isBuyerMaker":true,"isBestMatch":true},{"id":54627966,"price":"0.00447200","qty":"1.38000000","quoteQty":"0.00617136","time":1613578857352,"isBuyerMaker":true,"isBestMatch":true},{"id":54627967,"price":"0.00447200","qty":"0.52000000","quoteQty":"0.00232544","time":1613578857556,"isBuyerMaker":true,"isBestMatch":true},{"id":54627968,"price":"0.00447200","qty":"32.75000000","quoteQty":"0.14645800","time":1613578858482,"isBuyerMaker":true,"isBestMatch":true},{"id":54627969,"price":"0.00447200","qty":"8.47000000","quoteQty":"0.03787784","time":1613578858499,"isBuyerMaker":true,"isBestMatch":true},{"id":54627970,"price":"0.00446900","qty":"0.07000000","quoteQty":"0.00031283","time":1613578859239,"isBuyerMaker":true,"isBestMatch":true},{"id":54627971,"price":"0.00446900","qty":"3.00000000","quoteQty":"0.01340700","time":1613578859834,"isBuyerMaker":true,"isBestMatch":true},{"id":54627972,"price":"0.00447000","qty":"7.49000000","quoteQty":"0.03348030","time":1613578860422,"isBuyerMaker":true,"isBestMatch":true},{"id":54627973,"price":"0.00447000","qty":"0.50000000","quoteQty":"0.00223500","time":1613578861849,"isBuyerMaker":true,"isBestMatch":true},{"id":54627974,"price":"0.00447200","qty":"13.39000000","quoteQty":"0.05988008","time":1613578862008,"isBuyerMaker":false,"isBestMatch":true},{"id":54627975,"price":"0.00447200","qty":"3.63000000","quoteQty":"0.01623336","time":1613578862450,"isBuyerMaker":false,"isBestMatch":true},{"id":54627976,"price":"0.00447200","qty":"1.35000000","quoteQty":"0.00603720","time":1613578862451,"isBuyerMaker":false,"isBestMatch":true},{"id":54627977,"price":"0.00447400","qty":"0.57000000","quoteQty":"0.00255018","time":1613578864594,"isBuyerMaker":false,"isBestMatch":true},{"id":54627978,"price":"0.00447400","qty":"0.28000000","quoteQty":"0.00125272","time":1613578864594,"isBuyerMaker":false,"isBestMatch":true},{"id":54627979,"price":"0.00447400","qty":"0.23000000","quoteQty":"0.00102902","time":1613578864594,"isBuyerMaker":false,"isBestMatch":true},{"id":54627980,"price":"0.00447400","qty":"1.08000000","quoteQty":"0.00483192","time":1613578864594,"isBuyerMaker":false,"isBestMatch":true},{"id":54627981,"price":"0.00447400","qty":"0.07000000","quoteQty":"0.00031318","time":1613578865281,"isBuyerMaker":false,"isBestMatch":true},{"id":54627982,"price":"0.00447500","qty":"0.04000000","quoteQty":"0.00017900","time":1613578868966,"isBuyerMaker":false,"isBestMatch":true},{"id":54627983,"price":"0.00447500","qty":"0.07000000","quoteQty":"0.00031325","time":1613578868966,"isBuyerMaker":false,"isBestMatch":true},{"id":54627984,"price":"0.00447500","qty":"0.08000000","quoteQty":"0.00035800","time":1613578868966,"isBuyerMaker":false,"isBestMatch":true},{"id":54627985,"price":"0.00447500","qty":"0.03000000","quoteQty":"0.00013425","time":1613578868966,"isBuyerMaker":false,"isBestMatch":true},{"id":54627986,"price":"0.00447500","qty":"0.03000000","quoteQty":"0.00013425","time":1613578868966,"isBuyerMaker":false,"isBestMatch":true},{"id":54627987,"price":"0.00447500","qty":"0.09000000","quoteQty":"0.00040275","time":1613578868966,"isBuyerMaker":false,"isBestMatch":true},{"id":54627988,"price":"0.00447500","qty":"0.03000000","quoteQty":"0.00013425","time":1613578868966,"isBuyerMaker":false,"isBestMatch":true},{"id":54627989,"price":"0.00447500","qty":"3.80000000","quoteQty":"0.01700500","time":1613578868966,"isBuyerMaker":false,"isBestMatch":true},{"id":54627990,"price":"0.00447600","qty":"0.03000000","quoteQty":"0.00013428","time":1613578870114,"isBuyerMaker":false,"isBestMatch":true},{"id":54627991,"price":"0.00447600","qty":"0.07000000","quoteQty":"0.00031332","time":1613578870114,"isBuyerMaker":false,"isBestMatch":true},{"id":54627992,"price":"0.00447600","qty":"0.10000000","quoteQty":"0.00044760","time":1613578872113,"isBuyerMaker":false,"isBestMatch":true},{"id":54627993,"price":"0.00447600","qty":"0.07000000","quoteQty":"0.00031332","time":1613578872669,"isBuyerMaker":false,"isBestMatch":true},{"id":54627994,"price":"0.00447600","qty":"0.10000000","quoteQty":"0.00044760","time":1613578873113,"isBuyerMaker":false,"isBestMatch":true},{"id":54627995,"price":"0.00447500","qty":"11.12000000","quoteQty":"0.04976200","time":1613578873242,"isBuyerMaker":true,"isBestMatch":true}]